1815 3068
771 105 1030 177 ..314

175 249 334 291 silium
361 261 408 290 se
434 249 725 290 interficiendi
751 252 899 290 mutet.
955 250 1117 290 Verbis
1144 249 1430 301 sequentibus
1457 250 1619 301 quibus

185 315 368 358 fratrem
393 328 583 369 parvum
610 315 883 366 adhortatur,
911 318 961 357 ut
986 314 1075 358 sibi
1099 314 1317 357 auxilium
1349 315 1477 367 ferat,
1515 328 1618 358 cum

184 394 337 423 secum
362 383 629 434 lacrimetur,
655 383 782 424 illam
807 395 897 424 non
924 383 1055 435 plane
1082 383 1317 435 desperare
1339 383 1617 424 demonstra-

179 450 268 490 ·tur.
322 448 560 491 Elmsleius
585 449 852 503 Hipp..1088
880 449 1050 492 confert
1552 442 1555 444 ’

289 511 426 568 δράσω
452 509 558 566 τάδ’,
586 513 623 556 εἰ
648 514 703 569 μὴ
731 517 817 563 τοῖς
845 513 957 566 ἐμοῖς
985 513 1117 555 πείσει
1142 512 1284 567 λόγοις,
1318 516 1396 558 ubi
1421 516 1614 558 Theseus

185 582 425 637 Hippolyto
463 585 667 626 minatur.
732 584 922 627 Weilius
959 596 988 625 a
1024 584 1170 626 forma
1211 579 1433 636 πεισθήσει
1472 586 1618 626 ortum

153 692 156 696 ,
185 662 280 691 esse
306 653 484 702 πἐισθῇς
520 652 809 703 probabiliter
849 652 1046 693 coniecit.
1080 650 1287 694 Nauckio
1316 651 1548 691 damnanti
1575 664 1615 691 v.

189 719 288 758 1240
313 729 403 758 non
431 718 761 758 assentiendum
787 720 862 759 est.

287 784 414 825 Alios
440 785 561 826 locos
587 784 851 838 Euripideos
877 797 968 825 non
994 786 1255 826 invenimus.
1293 785 1429 837 Apud
1447 784 1626 837 Sopho-¹

183 851 297 899 clem
332 853 540 904 quattuor
575 852 697 893 locos
740 852 986 905 reperimus
1025 852 1109 902 (Ai.
1149 854 1243 903 496,
1282 851 1355 893 Or.
1398 854 1483 892 198.
1527 854 1616 901 874,

185 917 233 959 Ο.
274 918 320 959 C.
360 919 493 968 1442),
538 931 728 971 quorum
775 931 914 960 unum
963 919 1048 968 (Ai.
1095 920 1186 969 496)
1231 918 1436 969 Bothius,
1485 931 1618 971 quem

183 984 441 1027 Dindorfius
475 987 518 1026 et
549 985 782 1027 Nauckius
810 987 948 1027 secuti
980 988 1093 1037 sunt,
1127 986 1328 1027 correxit.
1385 985 1449 1027 Cf.
1483 986 1618 1027 etiam

184 1052 458 1095 Lobeckium
499 1055 585 1102 (ed.
614 1054 687 1104 111)
707 1055 775 1099 ,ad
801 1054 843 1095 h.
872 1055 899 1095 l.
954 1055 1008 1095 In
1035 1054 1083 1095 Ο.
1114 1054 1159 1095 C.
1190 1055 1266 1095 509
1298 1054 1500 1095 Dindorf.
1530 1056 1615 1106 opt.

183 1120 299 1173 legit.
354 1121 406 1162 In
433 1121 593 1163 Aesch.
621 1121 742 1163 Pers.
773 1123 862 1173 791,
895 1122 974 1163 ubi
999 1124 1099 1174 post
1124 1118 1159 1160 εἰ
1188 1121 1408 1174 optativus
1435 1123 1479 1162 et
1505 1121 1615 1162 coni.

183 1188 405 1228 coniuncti
423 1190 537 1238 sunt,
574 1188 706 1228 Dind.
735 1189 908 1228 monuit
932 1188 1207 1240 Aeschylum
1224 1200 1305 1240 pro
1332 1184 1368 1225 εὶ
1395 1183 1617 1236 στράτευμα

184 1253 323 1294 πλεῖον
348 1245 373 1307 ᾗ
394 1255 585 1296 scribere
612 1255 807 1308 potuisse
834 1247 1045 1306 στράτευμ’
1075 1249 1137 1306 εἴη
1161 1252 1296 1293 πλέον.
1343 1253 1432 1296 Sed
1458 1266 1514 1295 ne
1531 1253 1616 1296 hoc

183 1322 363 1374 quidem
383 1324 559 1374 poetam
578 1322 752 1363 dedisse
771 1323 1005 1372 existimat,
1034 1322 1112 1362 sed
1129 1335 1209 1374 pro
1229 1322 1350 1361 πλεῖν
1368 1313 1393 1373 ᾗ
1410 1323 1616 1373 proponit

185 1384 401 1440 πληθύνοι.

284 1455 351 1496 De
379 1455 451 1496 Or.
484 1457 595 1506 1534,
623 1468 756 1508 quem
772 1464 963 1496 ‘versum
994 1468 1130 1508 supra
1155 1455 1456 1504 tractavimus,
1501 1454 1614 1495 Mat-

182 1521 353 1563 thiaeus
390 1522 624 1563 lectionem
661 1518 698 1561 εὶ
741 1522 1027 1564 librariorum
1070 1535 1094 1563 e
1138 1521 1455 1563 consuetudine
1502 1522 1611 1562 seri-

182 1590 271 1630 oris
289 1590 499 1641 temporis
517 1592 624 1630 nata
641 1590 782 1631 errori
798 1590 963 1640 tribuit,
983 1590 1244 1642 scripsitque
1262 1583 1321 1640 ἥν.
1366 1588 1427 1630 Ut
1444 1590 1613 1641 opinor,

182 1656 301 1697 idem
337 1656 407 1697 vir
445 1656 601 1697 doctus
634 1656 697 1697 sic
729 1656 850 1698 locos
883 1655 1015 1708 soph.
1050 1656 1322 1697 correxisset.
1377 1654 1614 1696 Praeterea

181 1722 229 1763 hi
265 1723 352 1764 loci
397 1723 517 1775 apud
552 1723 899 1775 Aristophanem
935 1724 1235 1764 inveniuntur:
1273 1722 1354 1775 Eq.
1395 1724 1483 1764 678.
1524 1725 1611 1763 700.

182 1791 269 1841 805,
296 1788 398 1830 Pac.
428 1792 515 1830 450.
562 1788 651 1831 Sed
668 1788 778 1830 haec
797 1789 1061 1831 constructio
1080 1789 1305 1831 rarissime
1324 1789 1444 1842 apud
1461 1791 1612 1842 poetas

179 1858 298 1909 ipsos
326 1857 528 1907 occurrit,
555 1856 720 1898 nedum
746 1858 804 1906 in,
821 1857 1017 1898 oratione
1044 1857 1198 1898 soluta.
1237 1856 1399 1898 Nescio
1428 1869 1486 1897 an
1511 1856 1611 1906 loci,

180 1923 258 1965 ubi
288 1924 335 1964 in
368 1924 563 1964 oratione
601 1923 746 1964 soluta
782 1924 1034 1966 Atticorum
1067 1920 1102 1962 εἰ
1129 1937 1164 1965 c.
1195 1924 1304 1965 coni.
1333 1925 1487 1974 exstat,
1515 1935 1611 1964 cor-

180 1992 296 2043 rupti
323 1992 420 2032 sint.

204 2099 258 2139 II.
297 2099 371 2140 De
399 2101 630 2152 optativo
663 2101 715 2141 in
742 2113 814 2142 en.
844 2101 1298 2142 condicionalibus
1327 2099 1579 2141 adhibito.

282 2166 396 2206 Cum
422 2179 513 2207 una
545 2169 665 2208 certa
696 2179 768 2208 res
805 2167 954 2208 futura
990 2169 1085 2207 tum
1129 2179 1269 2219 genus
1306 2178 1456 2207 rerum
1492 2166 1608 2206 futu-

176 2243 329 2275 rarum
374 2234 585 2286 optatiVO,
625 2246 765 2287 acque
809 2246 862 2276 ac
907 2235 1202 2284 coniunctivo,
1240 2234 1492 2286 respicitur3
1530 2233 1607 2273 illo

176 2302 322 2342 tamen
349 2301 482 2342 modo
511 2302 624 2343 actio
657 2302 833 2354 longius
860 2304 1119 2343 removetur.
1174 2301 1393 2342 Futurum
1424 2301 1472 2341 in
1504 2312 1607 2341 con-

177 2367 423 2408 dicionibus
460 2369 663 2409 minandi
699 2371 742 2410 et
777 2368 1025 2418 monendi¹)
1062 2370 1313 2420 usurpatur,
1352 2380 1466 2420 quae
1503 2379 1607 2408 con-

177 2434 357 2475 structio
378 2435 498 2486 apud
515 2436 708 2486 tragicos
727 2447 858 2487 saepe
875 2435 1106 2475 invenitur.
1136 2434 1256 2476 Nam
1274 2435 1352 2475 ubi
1370 2446 1440 2475 res
1458 2433 1608 2474 futura

282 2539 305 2577 ¹)
327 2537 373 2571 Cf.
397 2537 663 2571 Gildersleovium
685 2538 813 2578 (Trans.
835 2539 869 2572 of
886 2538 959 2571 Am.
980 2539 1064 2573 Phil.
1085 2539 1194 2571 Assoc.
1219 2537 1312 2579 1876)
1333 2549 1364 2581 p.
1389 2538 1436 2571 13.
