1815 3068
773 142 1030 181 ...15-

290 255 364 297 Sic
390 250 723 293 Wilamovitius
758 251 841 292 hos
880 263 1035 293 versus
1075 254 1192 293 recte
1231 253 1459 305 disposuit,
1487 264 1620 304 quem

178 322 361 365 secutus
388 319 456 359 est
480 316 800 359 Weckleinius.
849 365 853 371 .

286 375 406 427 Nam
424 383 632 427 Phaedra
648 385 785 427 choro
812 385 919 427 dicit
945 378 1145 438 σιγήσατ’,
1173 376 1205 424 ὦ
1223 387 1415 437 γυναῖκες,
1444 399 1518 427 cm
1543 386 1618 427 ifle

182 452 420 511 respondet
445 452 566 504 σιγῶ,
607 463 752 508 neque
777 452 938 494 chorus
972 453 1155 496 dixisset
1185 450 1232 492 τὸ
1264 452 1399 503 μέντοι
1428 449 1618 506 φροίμιον

182 516 305 560 κακὸν
329 515 431 569 τόδε,
458 521 546 563 nisi
571 520 642 563 his
659 521 809 563 verbis
827 534 868 562 v.
882 523 965 562 565
992 524 1218 574 respectus
1236 524 1361 562 esset.
1414 521 1617 574 Denique

181 586 321 629 verba
346 585 394 625 ἐν.
412 583 575 638 δόμοισι
603 589 692 635 ’σοῖς
718 588 779 630 ad
805 593 899 630 voc.
920 584 1074 627 ἔσωθεν
1098 589 1145 629 in
1173 602 1214 629 v.
1235 591 1310 629 567
1337 589 1616 641 respondent.

181 642 234 693 V.
261 651 433 704 ἐκμάθω
453 656 506 697 in
531 657 607 713 567
631 656 681 697 in
705 655 928 709 plerisque
955 655 1083 697 codd.
1096 656 1318 709 ”scriptum
1336 659 1413 704 est,
1441 667 1544 696 cum
1569 656 1617 696 in

182 719 278 762 cod.
298 718 516 760 Vaticano
536 720 614 759 909
633 717 703 768 (Β)
722 719 766 759 et
790 718 839 758 in
855 716 1155 759 Laurentiano
1175 715 1237 768 32,
1258 720 1282 757 2
1310 717 1366 766 (G
1378 729 1494 758 man.
1513 717 1616 767 sec.)

183 780 237 832 αἷς
262 781 389 835 μᾶθω
414 785 600 837 legatur.
655 783 809 825 Prima
833 796 993 824 manus
1020 784 1154 825 Laur.
1174 787 1236 834 32,
1262 787 1285 823 2
1313 780 1482 831 ἐκμάθω
1509 785 1617 825 scri-

180 853 311 907 psit.¹)
367 851 440 894 Sic
466 851 643 894 videtur
668 846 840 901 ἓκμάθω
875 851 1179 904 recipiendum
1212 860 1319 900 esse,
1356 851 1616 904 praesertim

181 932 284 962 cum
310 920 528 962 coniunct.
556 911 759 960 simfliter
795 920 896 971 post
931 917 1021 959 alia
1056 919 1195 959 verba
1226 920 1481 971 usurpetur:
1509 930 1545 958 e.
1574 930 1615 969 g.

180 987 254 1029 Or.
278 989 378 1029 1258
393 978 557 1036 χωρεῖτ’,
576 980 873 1037 ἐπειγώμεσθα,
893 986 1127 1039 etquidem
1144 998 1479 1039 nonnumquam
1492 985 1615 1027 nullo

180 1055 316 1096 verbo
341 1053 646 1107 praecedente.
693 1052 782 1094 Sed
807 1053 919 1094 mihi
944 1065 1014 1093 res
1041 1066 1130 1093 non
1156 1055 1277 1094 certa
1304 1065 1399 1093 esse
1426 1053 1613 1093 videtur.

179 1121 298 1162 Nam
323 1120 398 1162 hic
423 1117 548 1162 locus
576 1120 696 1173 apud
712 1119 974 1173 Euripidem
993 1121 1150 1161 exstat:
1177 1154 1179 1156 ,
1251 1123 1256 1128 ’

281 1208 348 1249 El.
369 1211 443 1249 757
473 1210 575 1247 HA.
604 1204 761 1260 σφαγὴν
788 1202 920 1254 ἀυτεῖς
945 1204 1058 1261 τήνδε
1083 1220 1172 1257 μοι·
1199 1205 1241 1245 τί
1266 1205 1478 1257 μέλλομεν,-

470 1277 556 1315 ΧΟ.
584 1272 738 1324 ἐὲτισχε,
766 1275 918 1326 τρανῶς
944 1268 998 1322 ὥς
1023 1271 1162 1327 μάθῃς
1188 1271 1309 1324 τύχας
1336 1273 1471 1323 σέθεν,

180 1368 225 1403 ut
273 1365 485 1413 comperias
541 1365 670 1410 (nam
714 1363 895 1403 nuntius
945 1362 1289 1415 appropinquat)
1340 1363 1443 1412 Quid
1483 1363 1610 1402 Oresti

180 1430 374 1471 acciderit.
437 1430 616 1472 Electra
660 1442 750 1470 uno
793 1430 947 1470 nititur
990 1429 1085 1471 cod
1135 1429 1176 1469 0
1247 1429 1345 1470 Hae
1385 1432 1487 1469 sunt
1523 1429 1611 1470 lec-

177 1498 317 1539 tiones
344 1498 392 1538 in
417 1496 549 1550 Hipp.
580 1499 673 1538 567.

469 1567 662 1623 ἐπίσχετ’,
692 1567 816 1626 αὖδὴν
841 1574 920 1612 τῶν
945 1570 1100 1613 ε’σωθεν
1126 1569 1307 1623 ἐκμάθω,

180 1652 426 1694 secundum
452 1652 580 1693 codd.
607 1652 663 1703 A,
692 1651 739 1702 O,
766 1651 817 1702 E,
848 1664 886 1702 a,
913 1652 955 1702 b,
984 1665 1020 1702 c,
1049 1652 1090 1703 d,
1121 1652 1170 1693 B.

461 1722 655 1781 ἐπίσχετ’,
683 1721 807 1782 αὐδὴν
831 1729 910 1767 τῶν
936 1725 1088 1768 ἔσωθεν
1114 1722 1168 1775 ὡς
1193 1724 1330 1778 μάθω.

282 1817 355 1860 Sic
381 1818 428 1858 in
455 1817 493 1859 B
521 1819 565 1858 et
594 1817 630 1857 0
651 1817 728 1867 (m.
757 1817 857 1865 sec.)
884 1817 1057 1869 legitur.

341 1895 410 1937 El.
440 1898 516 1936 758
542 1891 693 1943 ἔπισχε,
721 1895 871 1946 τρανῶς
897 1888 951 1941 ὥς
976 1891 1117 1947 μάθῃς
1142 1890 1261 1943 τύχας
1288 1893 1418 1934 σέθεν.

279 1978 367 2021 Sed
403 1978 613 2024 librarius
640 1978 733 2020 cod.
766 1978 801 2019 0
833 1979 880 2020 in
907 1978 1147 2032 Hippolyto
1187 1978 1241 2020 de
1268 1977 1471 2020 Elecizrae
1507 1978 1605 2020 loco

174 2046 368 2097 cogitare
395 2039 607 2097 potuiffl).¹

279 2142 303 2210 ¹)
325 2168 374 2202 Cf.
395 2169 570 2203 Wecklein.
593 2169 634 2202 ad
655 2169 743 2202 hunc
762 2169 878 2202 locum.

277 2231 304 2270 ²)
326 2230 435 2265 ceteri
454 2231 517 2265 1001
537 2231 573 2264 hi
593 2232 686 2265 mut:
708 2230 779 2264 116.
795 2231 866 2270 720,
881 2230 965 2265 And.
981 2231 1072 2272 1241,
1095 2231 1211 2264 Bm.
1226 2232 1277 2264 61.
1301 2230 1605 2264 110812081214.

174 2283 264 2320 1822,
285 2282 367 2317 Hoc.
391 2283 461 2317 174.
488 2284 559 2318 586.
587 2284 658 2318 550.
685 2283 759 2318 618.
789 2284 861 2317 886.
895 2284 987 2317 1021.
1017 2284 1108 2318 1181.
1133 2284 1224 2321 1217,
1250 2283 1324 2316 1101.
1348 2284 1416 2316 146.
1443 2283 1515 2316 888.
1542 2282 1603 2316 867

172 2334 375 2375 (eameram
402 2335 507 2368 locum
534 2335 692 2376 correxit).
720 2336 813 2373 1440,
839 2335 888 2368 m.
910 2336 982 2368 250.
1004 2335 1077 2368 758.
1098 2335 1170 2373 792,
1195 2335 1238 2368 H.
1260 2335 1281 2366 f.
1303 2335 1375 2367 881.
1399 2335 1491 2368 1255.
1514 2335 1606 2371 1406,

172 2385 282 2431 Suppl.
318 2386 391 2421 860.
426 2386 499 2422 578.
530 2387 604 2430 817,
644 2387 744 2432 Hipp.
776 2388 847 2422 286.
888 2387 959 2422 808.
999 2387 1091 2426 1265,
1121 2386 1151 2419 J.
1191 2387 1231 2421 A.
1269 2387 1341 2420 541.
1381 2386 1473 2420 1340.
1512 2385 1605 2427 1588,

169 2439 242 2479 Jon.
264 2439 336 2480 728,
358 2439 443 2481 cycl.
460 2440 519 2473 181
536 2439 709 2480 (cmm.
728 2441 834 2474 locum
855 2441 1015 2478 ωηοιῑι).
1039 2440 1109 2474 152.
1131 2440 1201 2473 618.
1224 2440 1295 2480 658,
1326 2440 1412 2472 Med.
1435 2439 1525 2476 1815,
1549 2438 1604 2472 or.

171 2490 242 2523 681.
265 2491 335 2523 787.
358 2490 448 2529 1850,
470 2490 523 2523 τι.
543 2491 617 2523 454.
639 2491 711 2525 508.
733 2492 804 2525 685.
828 2492 920 2525 1268.
944 2492 1034 2529 1176,
1059 2491 1177 2523 rhoea.
1200 2490 1487 2524 781.1089.1450.
1512 2490 1603 2526 1608,

170 2541 273 2585 fragg.
295 2542 367 2577 353.
388 2542 453 2581 364
472 2553 502 2576 v.
524 2542 575 2577 33.
