<?xml version="1.0" encoding="UTF-8"?>
<!DOCTYPE html PUBLIC "-//W3C//DTD XHTML 1.0 Transitional//EN"
    "http://www.w3.org/TR/xhtml1/DTD/xhtml1-transitional.dtd">
<html xmlns="http://www.w3.org/1999/xhtml" xml:lang="en" lang="en">
 <head>
  <title>
</title>
<meta http-equiv="Content-Type" content="text/html;charset=utf-8" />
  <meta name='ocr-system' content='tesseract 3.04.00' />
  <meta name='ocr-capabilities' content='ocr_page ocr_carea ocr_par ocr_line ocrx_word'/>
</head>
<body>
  <div class='ocr_page' id='page_1' title='image "./4771409_0066.png"; bbox 0 0 1815 3047; ppageno 0'>
   <div class='ocr_carea' id='block_1_1' title="bbox 190 161 1639 813">
    <p class='ocr_par' dir='ltr' id='par_1_1' title="bbox 190 161 1639 813">
     <span class='ocr_line' id='line_1_1' title="bbox 191 161 1639 251; baseline 0.001 -22"><span class='ocrx_word' id='word_1_1' title='bbox 191 161 436 230; x_wconf 41' lang='lat' dir='ltr'>recusaveris</span> <span class='ocrx_word' id='word_1_2' title='bbox 460 192 537 231; x_wconf 83' lang='lat' dir='ltr'>eto.</span> <span class='ocrx_word' id='word_1_3' title='bbox 595 189 659 231; x_wconf 86' lang='lat' dir='ltr'>Cf.</span> <span class='ocrx_word' id='word_1_4' title='bbox 688 189 820 232; x_wconf 86' lang='lat' dir='ltr'>Thuo.</span> <span class='ocrx_word' id='word_1_5' title='bbox 850 190 931 241; x_wconf 91' lang='lat'>111,</span> <span class='ocrx_word' id='word_1_6' title='bbox 961 193 1023 241; x_wconf 88' lang='lat'>55,</span> <span class='ocrx_word' id='word_1_7' title='bbox 1053 193 1077 233; x_wconf 91' lang='lat'><strong>3</strong></span> <span class='ocrx_word' id='word_1_8' title='bbox 1115 187 1152 231; x_wconf 78' lang='grc' dir='ltr'>εἰ</span> <span class='ocrx_word' id='word_1_9' title='bbox 1179 184 1217 231; x_wconf 78' lang='grc' dir='ltr'>δ’</span> <span class='ocrx_word' id='word_1_10' title='bbox 1249 183 1481 251; x_wconf 75' lang='grc' dir='ltr'><em>ἇποστῇναι</em></span> <span class='ocrx_word' id='word_1_11' title='bbox 1505 182 1639 244; x_wconf 72' lang='grc' dir='ltr'>Ἀθη-</span> 
     </span>
     <span class='ocr_line' id='line_1_2' title="bbox 192 249 1517 308; baseline 0.005 -16"><span class='ocrx_word' id='word_1_12' title='bbox 192 253 315 293; x_wconf 89' lang='grc' dir='ltr'><em>ναίων</em></span> <span class='ocrx_word' id='word_1_13' title='bbox 342 249 414 293; x_wconf 69' lang='grc' dir='ltr'>οὐκ</span> <span class='ocrx_word' id='word_1_14' title='bbox 440 249 697 307; x_wconf 76' lang='grc' dir='ltr'><em>ἠθελήσαμεν</em></span> <span class='ocrx_word' id='word_1_15' title='bbox 724 257 833 305; x_wconf 82' lang='grc' dir='ltr'><em>ὑμῶν</em></span> <span class='ocrx_word' id='word_1_16' title='bbox 858 254 1136 305; x_wconf 73' lang='grc' dir='ltr'><em>κελευσάντων,</em></span> <span class='ocrx_word' id='word_1_17' title='bbox 1165 252 1236 296; x_wconf 71' lang='grc' dir='ltr'>οὐκ</span> <span class='ocrx_word' id='word_1_18' title='bbox 1264 252 1517 308; x_wconf 62' lang='grc' dir='ltr'><em>ἦδικοῢμεν.’)</em></span> 
     </span>
     <span class='ocr_line' id='line_1_3' title="bbox 380 327 1638 388; baseline -0.002 -11"><span class='ocrx_word' id='word_1_19' title='bbox 380 335 488 385; x_wconf 67' lang='lat' dir='ltr'>bbss)</span> <span class='ocrx_word' id='word_1_20' title='bbox 536 334 643 376; x_wconf 87' lang='lat' dir='ltr'>Post</span> <span class='ocrx_word' id='word_1_21' title='bbox 687 327 734 387; x_wconf 81' lang='grc' dir='ltr'><em>ἣν</em></span> <span class='ocrx_word' id='word_1_22' title='bbox 776 330 849 388; x_wconf 70' lang='grc' dir='ltr'>μήτ</span> <span class='ocrx_word' id='word_1_23' title='bbox 905 335 1001 378; x_wconf 83' lang='lat' dir='ltr'>Alo.</span> <span class='ocrx_word' id='word_1_24' title='bbox 1032 338 1120 378; x_wconf 87' lang='lat'><strong>850.</strong></span> <span class='ocrx_word' id='word_1_25' title='bbox 1192 336 1246 378; x_wconf 92' lang='lat' dir='ltr'>In</span> <span class='ocrx_word' id='word_1_26' title='bbox 1290 337 1397 380; x_wconf 86' lang='lat' dir='ltr'>Heo.</span> <span class='ocrx_word' id='word_1_27' title='bbox 1427 340 1501 379; x_wconf 90' lang='lat'>751</span> <span class='ocrx_word' id='word_1_28' title='bbox 1548 333 1638 376; x_wconf 76' lang='grc' dir='ltr'><em>ἐστι’</em></span> 
     </span>
     <span class='ocr_line' id='line_1_4' title="bbox 190 402 411 453; baseline 0 -12"><span class='ocrx_word' id='word_1_29' title='bbox 190 402 411 453; x_wconf 83' lang='lat' dir='ltr'>suppleas.</span> 
     </span>
     <span class='ocr_line' id='line_1_5' title="bbox 380 479 1167 539; baseline 0 -18"><span class='ocrx_word' id='word_1_30' title='bbox 380 480 454 531; x_wconf 78' lang='lat' dir='ltr'>by)</span> <span class='ocrx_word' id='word_1_31' title='bbox 482 479 535 521; x_wconf 94' lang='lat' dir='ltr'>In</span> <span class='ocrx_word' id='word_1_32' title='bbox 565 493 632 539; x_wconf 88' lang='lat' dir='ltr'>ap.</span> <span class='ocrx_word' id='word_1_33' title='bbox 663 480 907 533; x_wconf 84' lang='lat' dir='ltr'>perfectum</span> <span class='ocrx_word' id='word_1_34' title='bbox 934 481 1167 522; x_wconf 85' lang='lat' dir='ltr'>invenitur.</span> 
     </span>
     <span class='ocr_line' id='line_1_6' title="bbox 296 540 1581 598; baseline 0.001 -12"><span class='ocrx_word' id='word_1_35' title='bbox 296 546 404 586; x_wconf 75' lang='lat' dir='ltr'>Post</span> <span class='ocrx_word' id='word_1_36' title='bbox 430 540 495 598; x_wconf 71' lang='grc' dir='ltr'>ἤνι</span> <span class='ocrx_word' id='word_1_37' title='bbox 522 547 632 598; x_wconf 81' lang='lat' dir='ltr'>frag.</span> <span class='ocrx_word' id='word_1_38' title='bbox 666 550 765 588; x_wconf 88' lang='lat'>1118</span> <span class='ocrx_word' id='word_1_39' title='bbox 793 560 835 588; x_wconf 88' lang='lat' dir='ltr'>v.</span> <span class='ocrx_word' id='word_1_40' title='bbox 862 550 912 587; x_wconf 83' lang='lat'>42</span> <span class='ocrx_word' id='word_1_41' title='bbox 940 569 1004 598; x_wconf 92' lang='lat'>—,</span> <span class='ocrx_word' id='word_1_42' title='bbox 1031 547 1072 588; x_wconf 86' lang='lat' dir='ltr'>J.</span> <span class='ocrx_word' id='word_1_43' title='bbox 1100 547 1155 589; x_wconf 89' lang='lat' dir='ltr'>A.</span> <span class='ocrx_word' id='word_1_44' title='bbox 1186 550 1273 598; x_wconf 87' lang='lat'>915,</span> <span class='ocrx_word' id='word_1_45' title='bbox 1300 547 1464 589; x_wconf 86' lang='lat' dir='ltr'>Phoen.</span> <span class='ocrx_word' id='word_1_46' title='bbox 1496 552 1581 589; x_wconf 85' lang='lat'>955.</span> 
     </span>
     <span class='ocr_line' id='line_1_7' title="bbox 380 624 1213 677; baseline 0.001 -11"><span class='ocrx_word' id='word_1_47' title='bbox 380 624 455 670; x_wconf 76' lang='lat' dir='ltr'>bd)</span> <span class='ocrx_word' id='word_1_48' title='bbox 484 624 538 665; x_wconf 93' lang='lat' dir='ltr'>In</span> <span class='ocrx_word' id='word_1_49' title='bbox 566 637 634 677; x_wconf 89' lang='lat' dir='ltr'>ap.</span> <span class='ocrx_word' id='word_1_50' title='bbox 663 625 951 677; x_wconf 83' lang='lat' dir='ltr'><strong>imperativus</strong></span> <span class='ocrx_word' id='word_1_51' title='bbox 978 626 1213 667; x_wconf 85' lang='lat' dir='ltr'>invenitur.</span> 
     </span>
     <span class='ocr_line' id='line_1_8' title="bbox 297 685 1637 746; baseline 0.002 -14"><span class='ocrx_word' id='word_1_52' title='bbox 297 692 404 732; x_wconf 87' lang='lat' dir='ltr'>Post</span> <span class='ocrx_word' id='word_1_53' title='bbox 430 685 493 744; x_wconf 70' lang='grc' dir='ltr'>ἤνε</span> <span class='ocrx_word' id='word_1_54' title='bbox 519 692 630 744; x_wconf 85' lang='lat' dir='ltr'>frag.</span> <span class='ocrx_word' id='word_1_55' title='bbox 653 692 965 733; x_wconf 83' lang='lat' dir='ltr'>720—Bacch.</span> <span class='ocrx_word' id='word_1_56' title='bbox 987 695 1075 743; x_wconf 89' lang='lat'>355,</span> <span class='ocrx_word' id='word_1_57' title='bbox 1102 692 1211 735; x_wconf 84' lang='lat' dir='ltr'>Heo.</span> <span class='ocrx_word' id='word_1_58' title='bbox 1232 695 1319 735; x_wconf 91' lang='lat'>870.</span> <span class='ocrx_word' id='word_1_59' title='bbox 1341 696 1429 744; x_wconf 90' lang='lat'>874,</span> <span class='ocrx_word' id='word_1_60' title='bbox 1456 694 1523 734; x_wconf 90' lang='lat' dir='ltr'>El.</span> <span class='ocrx_word' id='word_1_61' title='bbox 1545 696 1637 746; x_wconf 89' lang='lat'>954,</span> 
     </span>
     <span class='ocr_line' id='line_1_9' title="bbox 191 759 1637 813; baseline 0.002 -14"><span class='ocrx_word' id='word_1_62' title='bbox 191 759 367 801; x_wconf 86' lang='lat' dir='ltr'>Heraol.</span> <span class='ocrx_word' id='word_1_63' title='bbox 400 762 489 801; x_wconf 89' lang='lat'>310.</span> <span class='ocrx_word' id='word_1_64' title='bbox 518 764 605 800; x_wconf 88' lang='lat'>311.</span> <span class='ocrx_word' id='word_1_65' title='bbox 636 763 725 810; x_wconf 91' lang='lat'>587,</span> <span class='ocrx_word' id='word_1_66' title='bbox 775 760 925 812; x_wconf 86' lang='lat' dir='ltr'>Suppl.</span> <span class='ocrx_word' id='word_1_67' title='bbox 958 764 1070 811; x_wconf 90' lang='lat'>1194,</span> <span class='ocrx_word' id='word_1_68' title='bbox 1109 761 1272 802; x_wconf 90' lang='lat' dir='ltr'>Phoen.</span> <span class='ocrx_word' id='word_1_69' title='bbox 1303 764 1391 812; x_wconf 81' lang='lat'>629,</span> <span class='ocrx_word' id='word_1_70' title='bbox 1431 762 1514 803; x_wconf 88' lang='lat' dir='ltr'>Rh.</span> <span class='ocrx_word' id='word_1_71' title='bbox 1545 764 1637 813; x_wconf 82' lang='lat'>832,</span> 
     </span>
    </p>
   </div>
   <div class='ocr_carea' id='block_1_2' title="bbox 189 826 1639 2287">
    <p class='ocr_par' dir='ltr' id='par_1_2' title="bbox 189 826 421 878">
     <span class='ocr_line' id='line_1_10' title="bbox 189 826 421 878; baseline -0.004 -11"><span class='ocrx_word' id='word_1_72' title='bbox 189 826 301 878; x_wconf 80' lang='lat' dir='ltr'>frag.</span> <span class='ocrx_word' id='word_1_73' title='bbox 333 829 421 867; x_wconf 85' lang='lat'>955.</span> 
     </span>
    </p>

    <p class='ocr_par' dir='ltr' id='par_1_3' title="bbox 297 887 1243 947">
     <span class='ocr_line' id='line_1_11' title="bbox 297 887 1243 947; baseline 0 -14"><span class='ocrx_word' id='word_1_74' title='bbox 297 894 336 934; x_wconf 85' lang='lat' dir='ltr'>J.</span> <span class='ocrx_word' id='word_1_75' title='bbox 367 894 419 934; x_wconf 87' lang='lat' dir='ltr'>A.</span> <span class='ocrx_word' id='word_1_76' title='bbox 454 896 528 934; x_wconf 89' lang='lat'>150</span> <span class='ocrx_word' id='word_1_77' title='bbox 581 887 628 945; x_wconf 61' lang='grc' dir='ltr'><em>ἢν</em></span> <span class='ocrx_word' id='word_1_78' title='bbox 655 890 729 944; x_wconf 79' lang='grc' dir='ltr'>γάρ</span> <span class='ocrx_word' id='word_1_79' title='bbox 757 908 816 932; x_wconf 90' lang='grc' dir='ltr'>νιν</span> <span class='ocrx_word' id='word_1_80' title='bbox 842 896 1036 943; x_wconf 82' lang='grc' dir='ltr'><em>πομπαῖς</em></span> <span class='ocrx_word' id='word_1_81' title='bbox 1062 888 1243 947; x_wconf 73' lang='grc' dir='ltr'>ἀντήσῃς,</span> 
     </span>
    </p>

    <p class='ocr_par' dir='ltr' id='par_1_4' title="bbox 579 956 1225 1011">
     <span class='ocr_line' id='line_1_12' title="bbox 579 956 1225 1011; baseline 0.003 -14"><span class='ocrx_word' id='word_1_82' title='bbox 579 956 709 998; x_wconf 81' lang='grc' dir='ltr'><em>πάλιν</em></span> <span class='ocrx_word' id='word_1_83' title='bbox 736 956 894 1011; x_wconf 79' lang='grc' dir='ltr'>ἐξόρμα,</span> <span class='ocrx_word' id='word_1_84' title='bbox 924 961 1005 999; x_wconf 88' lang='grc' dir='ltr'><strong><em>σεῖε</em></strong></span> <span class='ocrx_word' id='word_1_85' title='bbox 1029 957 1225 1009; x_wconf 78' lang='grc' dir='ltr'><em>χαλινούς.</em></span> 
     </span>
    </p>

    <p class='ocr_par' dir='ltr' id='par_1_5' title="bbox 191 1029 1639 1281">
     <span class='ocr_line' id='line_1_13' title="bbox 298 1029 1639 1091; baseline 0.001 -13"><span class='ocrx_word' id='word_1_86' title='bbox 298 1037 429 1087; x_wconf 84' lang='lat' dir='ltr'>Quod</span> <span class='ocrx_word' id='word_1_87' title='bbox 466 1039 513 1079; x_wconf 89' lang='lat' dir='ltr'>in</span> <span class='ocrx_word' id='word_1_88' title='bbox 546 1029 675 1079; x_wconf 83' lang='lat' dir='ltr'><strong>codd.</strong></span> <span class='ocrx_word' id='word_1_89' title='bbox 702 1038 866 1090; x_wconf 76' lang='lat' dir='ltr'>legitur</span> <span class='ocrx_word' id='word_1_90' title='bbox 905 1034 1125 1091; x_wconf 74' lang='grc' dir='ltr'><em>ἕξορμάσῃς</em></span> <span class='ocrx_word' id='word_1_91' title='bbox 1152 1035 1413 1091; x_wconf 77' lang='grc' dir='ltr'><em>(ἕξορμάσεις)</em></span> <span class='ocrx_word' id='word_1_92' title='bbox 1449 1036 1639 1088; x_wconf 77' lang='grc' dir='ltr'><em>χαλινοίς</em></span> 
     </span>
     <span class='ocr_line' id='line_1_14' title="bbox 194 1100 1637 1159; baseline 0.002 -14"><span class='ocrx_word' id='word_1_93' title='bbox 194 1105 265 1145; x_wconf 90' lang='lat' dir='ltr'>vel</span> <span class='ocrx_word' id='word_1_94' title='bbox 301 1101 392 1151; x_wconf 80' lang='grc' dir='ltr'>τούς</span> <span class='ocrx_word' id='word_1_95' title='bbox 426 1100 621 1152; x_wconf 80' lang='grc' dir='ltr'><em>χαλινούς,</em></span> <span class='ocrx_word' id='word_1_96' title='bbox 659 1107 809 1157; x_wconf 88' lang='lat' dir='ltr'>utpote</span> <span class='ocrx_word' id='word_1_97' title='bbox 838 1106 958 1158; x_wconf 89' lang='lat' dir='ltr'>quod</span> <span class='ocrx_word' id='word_1_98' title='bbox 984 1119 1126 1159; x_wconf 90' lang='lat' dir='ltr'>neque</span> <span class='ocrx_word' id='word_1_99' title='bbox 1153 1108 1201 1147; x_wconf 90' lang='lat' dir='ltr'>in</span> <span class='ocrx_word' id='word_1_100' title='bbox 1228 1119 1408 1148; x_wconf 87' lang='lat' dir='ltr'>sensum</span> <span class='ocrx_word' id='word_1_101' title='bbox 1435 1108 1637 1158; x_wconf 87' lang='lat' dir='ltr'>quadret,</span> 
     </span>
     <span class='ocr_line' id='line_1_15' title="bbox 194 1172 1636 1225; baseline 0.002 -13"><span class='ocrx_word' id='word_1_102' title='bbox 194 1184 336 1225; x_wconf 88' lang='lat' dir='ltr'>neque</span> <span class='ocrx_word' id='word_1_103' title='bbox 363 1174 504 1213; x_wconf 87' lang='lat' dir='ltr'>metro</span> <span class='ocrx_word' id='word_1_104' title='bbox 538 1172 815 1224; x_wconf 85' lang='lat' dir='ltr'>respondeat,</span> <span class='ocrx_word' id='word_1_105' title='bbox 842 1172 1150 1214; x_wconf 88' lang='lat' dir='ltr'>Blomfieldius</span> <span class='ocrx_word' id='word_1_106' title='bbox 1169 1176 1287 1216; x_wconf 84' lang='lat' dir='ltr'>recte</span> <span class='ocrx_word' id='word_1_107' title='bbox 1313 1175 1512 1215; x_wconf 84' lang='lat' dir='ltr'>mutavit.</span> <span class='ocrx_word' id='word_1_108' title='bbox 1570 1174 1636 1216; x_wconf 84' lang='lat' dir='ltr'>Cf.</span> 
     </span>
     <span class='ocr_line' id='line_1_16' title="bbox 191 1239 726 1281; baseline 0 0"><span class='ocrx_word' id='word_1_109' title='bbox 191 1239 514 1281; x_wconf 89' lang='lat' dir='ltr'>Marklandum</span> <span class='ocrx_word' id='word_1_110' title='bbox 542 1240 601 1281; x_wconf 86' lang='lat' dir='ltr'>ad</span> <span class='ocrx_word' id='word_1_111' title='bbox 626 1239 669 1281; x_wconf 85' lang='lat' dir='ltr'>h.</span> <span class='ocrx_word' id='word_1_112' title='bbox 698 1240 726 1281; x_wconf 89' lang='lat'>1.</span> 
     </span>
    </p>

    <p class='ocr_par' dir='ltr' id='par_1_6' title="bbox 381 1311 1235 1439">
     <span class='ocr_line' id='line_1_17' title="bbox 381 1311 1076 1369; baseline 0 -11"><span class='ocrx_word' id='word_1_113' title='bbox 381 1317 488 1368; x_wconf 67' lang='lat' dir='ltr'>bbd)</span> <span class='ocrx_word' id='word_1_114' title='bbox 516 1317 624 1357; x_wconf 84' lang='lat' dir='ltr'>Post</span> <span class='ocrx_word' id='word_1_115' title='bbox 649 1311 698 1369; x_wconf 76' lang='grc' dir='ltr'><em>ἢν</em></span> <span class='ocrx_word' id='word_1_116' title='bbox 723 1313 796 1369; x_wconf 69' lang='grc' dir='ltr'>μήτ</span> <span class='ocrx_word' id='word_1_117' title='bbox 834 1318 932 1359; x_wconf 87' lang='lat' dir='ltr'>Hel.</span> <span class='ocrx_word' id='word_1_118' title='bbox 967 1319 1076 1359; x_wconf 81' lang='lat'>1392.</span> 
     </span>
     <span class='ocr_line' id='line_1_18' title="bbox 381 1385 1235 1439; baseline 0.001 -12"><span class='ocrx_word' id='word_1_119' title='bbox 381 1385 481 1436; x_wconf 74' lang='lat' dir='ltr'>bbe)</span> <span class='ocrx_word' id='word_1_120' title='bbox 510 1385 562 1426; x_wconf 89' lang='lat' dir='ltr'>In</span> <span class='ocrx_word' id='word_1_121' title='bbox 592 1398 659 1438; x_wconf 86' lang='lat' dir='ltr'>ap.</span> <span class='ocrx_word' id='word_1_122' title='bbox 690 1387 776 1439; x_wconf 89' lang='lat' dir='ltr'>opt.</span> <span class='ocrx_word' id='word_1_123' title='bbox 803 1386 1054 1438; x_wconf 84' lang='lat' dir='ltr'>potentialis</span> <span class='ocrx_word' id='word_1_124' title='bbox 1083 1388 1235 1428; x_wconf 85' lang='lat' dir='ltr'>exstat.</span> 
     </span>
    </p>

    <p class='ocr_par' dir='ltr' id='par_1_7' title="bbox 296 1447 576 1504">
     <span class='ocr_line' id='line_1_19' title="bbox 296 1447 576 1504; baseline 0 -11"><span class='ocrx_word' id='word_1_125' title='bbox 296 1453 404 1493; x_wconf 82' lang='lat' dir='ltr'>Post</span> <span class='ocrx_word' id='word_1_126' title='bbox 430 1447 478 1504; x_wconf 78' lang='grc' dir='ltr'><em>ἥν</em></span> <span class='ocrx_word' id='word_1_127' title='bbox 503 1448 576 1504; x_wconf 67' lang='grc' dir='ltr'>μήτ</span> 
     </span>
    </p>

    <p class='ocr_par' dir='ltr' id='par_1_8' title="bbox 192 1513 1637 1719">
     <span class='ocr_line' id='line_1_20' title="bbox 192 1513 1637 1572; baseline -0.001 -11"><span class='ocrx_word' id='word_1_128' title='bbox 192 1520 359 1561; x_wconf 86' lang='lat' dir='ltr'>Phoen.</span> <span class='ocrx_word' id='word_1_129' title='bbox 394 1522 493 1560; x_wconf 85' lang='lat'>1215</span> <span class='ocrx_word' id='word_1_130' title='bbox 531 1523 620 1558; x_wconf 90' lang='grc' dir='ltr'>ΛΓ</span> <span class='ocrx_word' id='word_1_131' title='bbox 616 1523 656 1559; x_wconf 88' lang='grc' dir='ltr'><strong><em>Γ</em></strong></span> <span class='ocrx_word' id='word_1_132' title='bbox 652 1549 662 1559; x_wconf 91' lang='grc'><strong>.</strong></span> <span class='ocrx_word' id='word_1_133' title='bbox 691 1513 762 1559; x_wconf 73' lang='grc' dir='ltr'>οὐκ</span> <span class='ocrx_word' id='word_1_134' title='bbox 781 1514 830 1558; x_wconf 75' lang='grc' dir='ltr'><em>ἄν</em></span> <span class='ocrx_word' id='word_1_135' title='bbox 857 1534 899 1571; x_wconf 83' lang='grc' dir='ltr'>γε</span> <span class='ocrx_word' id='word_1_136' title='bbox 925 1514 1083 1570; x_wconf 75' lang='grc' dir='ltr'><em>λέξαιμ’</em></span> <span class='ocrx_word' id='word_1_137' title='bbox 1113 1514 1181 1560; x_wconf 73' lang='grc' dir='ltr'>ἐπ’</span> <span class='ocrx_word' id='word_1_138' title='bbox 1205 1514 1402 1572; x_wconf 74' lang='grc' dir='ltr'><em>ἀγαθοῖσι</em></span> <span class='ocrx_word' id='word_1_139' title='bbox 1423 1535 1488 1560; x_wconf 90' lang='grc' dir='ltr'>σοι</span> <span class='ocrx_word' id='word_1_140' title='bbox 1515 1517 1637 1560; x_wconf 78' lang='grc' dir='ltr'><em>κακά.</em></span> 
     </span>
     <span class='ocr_line' id='line_1_21' title="bbox 598 1580 1587 1641; baseline 0.002 -16"><span class='ocrx_word' id='word_1_141' title='bbox 598 1588 661 1626; x_wconf 93' lang='grc' dir='ltr'>ΙΟ.</span> <span class='ocrx_word' id='word_1_142' title='bbox 689 1580 737 1639; x_wconf 76' lang='grc' dir='ltr'><em>ἢν</em></span> <span class='ocrx_word' id='word_1_143' title='bbox 762 1582 818 1638; x_wconf 85' lang='grc' dir='ltr'>μή</span> <span class='ocrx_word' id='word_1_144' title='bbox 844 1600 887 1639; x_wconf 80' lang='grc' dir='ltr'>γε</span> <span class='ocrx_word' id='word_1_145' title='bbox 914 1582 1068 1639; x_wconf 80' lang='grc' dir='ltr'><em>φεύγων</em></span> <span class='ocrx_word' id='word_1_146' title='bbox 1095 1583 1266 1641; x_wconf 75' lang='grc' dir='ltr'><em>ἒκφίγῃς</em></span> <span class='ocrx_word' id='word_1_147' title='bbox 1292 1585 1395 1639; x_wconf 84' lang='grc' dir='ltr'><em>πρὸς</em></span> <span class='ocrx_word' id='word_1_148' title='bbox 1422 1585 1587 1639; x_wconf 78' lang='grc' dir='ltr'><strong><em>αἰθέρα.</em></strong></span> 
     </span>
     <span class='ocr_line' id='line_1_22' title="bbox 382 1664 1503 1719; baseline 0 -14"><span class='ocrx_word' id='word_1_149' title='bbox 382 1664 454 1715; x_wconf 55' lang='lat' dir='ltr'>bg)</span> <span class='ocrx_word' id='word_1_150' title='bbox 485 1664 692 1717; x_wconf 84' lang='lat' dir='ltr'>Optativo</span> <span class='ocrx_word' id='word_1_151' title='bbox 718 1665 766 1705; x_wconf 87' lang='lat' dir='ltr'>in</span> <span class='ocrx_word' id='word_1_152' title='bbox 794 1677 861 1717; x_wconf 89' lang='lat' dir='ltr'>ap.</span> <span class='ocrx_word' id='word_1_153' title='bbox 892 1665 1092 1706; x_wconf 82' lang='lat' dir='ltr'>adhibito</span> <span class='ocrx_word' id='word_1_154' title='bbox 1120 1666 1290 1718; x_wconf 88' lang='lat' dir='ltr'>aliquid</span> <span class='ocrx_word' id='word_1_155' title='bbox 1318 1668 1503 1719; x_wconf 88' lang='lat' dir='ltr'>optatur.</span> 
     </span>
    </p>

    <p class='ocr_par' dir='ltr' id='par_1_9' title="bbox 298 1725 1572 1787">
     <span class='ocr_line' id='line_1_23' title="bbox 298 1725 1572 1787; baseline -0.001 -13"><span class='ocrx_word' id='word_1_156' title='bbox 298 1732 406 1774; x_wconf 80' lang='lat' dir='ltr'>Post</span> <span class='ocrx_word' id='word_1_157' title='bbox 432 1725 498 1785; x_wconf 75' lang='grc' dir='ltr'><em>ἥνε</em></span> <span class='ocrx_word' id='word_1_158' title='bbox 551 1733 592 1775; x_wconf 87' lang='lat' dir='ltr'>J.</span> <span class='ocrx_word' id='word_1_159' title='bbox 621 1732 675 1774; x_wconf 90' lang='lat' dir='ltr'>A.</span> <span class='ocrx_word' id='word_1_160' title='bbox 708 1735 807 1775; x_wconf 87' lang='lat'>1007</span> <span class='ocrx_word' id='word_1_161' title='bbox 861 1729 917 1785; x_wconf 84' lang='grc' dir='ltr'>μὴ</span> <span class='ocrx_word' id='word_1_162' title='bbox 945 1728 1117 1783; x_wconf 72' lang='grc' dir='ltr'><em>θάνοιμι</em></span> <span class='ocrx_word' id='word_1_163' title='bbox 1145 1726 1198 1782; x_wconf 73' lang='grc' dir='ltr'>δ’,</span> <span class='ocrx_word' id='word_1_164' title='bbox 1226 1726 1273 1787; x_wconf 77' lang='grc' dir='ltr'><em>ἢν</em></span> <span class='ocrx_word' id='word_1_165' title='bbox 1300 1733 1418 1773; x_wconf 86' lang='grc' dir='ltr'>σώσω</span> <span class='ocrx_word' id='word_1_166' title='bbox 1445 1729 1572 1786; x_wconf 83' lang='grc' dir='ltr'><em>κόρην.</em></span> 
     </span>
    </p>

    <p class='ocr_par' dir='ltr' id='par_1_10' title="bbox 247 1804 1436 1997">
     <span class='ocr_line' id='line_1_24' title="bbox 343 1804 752 1862; baseline -0.007 -10"><span class='ocrx_word' id='word_1_167' title='bbox 343 1810 446 1861; x_wconf 66' lang='grc' dir='ltr'>ὶὼζ)</span> <span class='ocrx_word' id='word_1_168' title='bbox 474 1811 582 1852; x_wconf 70' lang='lat' dir='ltr'>Posi:</span> <span class='ocrx_word' id='word_1_169' title='bbox 608 1804 656 1862; x_wconf 62' lang='grc' dir='ltr'><em>ἢν</em></span> <span class='ocrx_word' id='word_1_170' title='bbox 681 1806 752 1861; x_wconf 84' lang='grc' dir='ltr'>μή;</span> 
     </span>
     <span class='ocr_line' id='line_1_25' title="bbox 247 1869 1271 1932; baseline -0.003 -12"><span class='ocrx_word' id='word_1_171' title='bbox 247 1878 320 1920; x_wconf 87' lang='lat' dir='ltr'>Or.</span> <span class='ocrx_word' id='word_1_172' title='bbox 354 1881 449 1919; x_wconf 83' lang='lat'>1147</span> <span class='ocrx_word' id='word_1_173' title='bbox 893 1874 949 1930; x_wconf 87' lang='grc' dir='ltr'>μὴ</span> <span class='ocrx_word' id='word_1_174' title='bbox 978 1869 1045 1918; x_wconf 79' lang='grc' dir='ltr'><em>οὖν</em></span> <span class='ocrx_word' id='word_1_175' title='bbox 1071 1874 1174 1932; x_wconf 66' lang='grc' dir='ltr'><em>ζῴην</em></span> <span class='ocrx_word' id='word_1_176' title='bbox 1201 1875 1271 1927; x_wconf 74' lang='grc' dir='ltr'>ἔτι,</span> 
     </span>
     <span class='ocr_line' id='line_1_26' title="bbox 490 1938 1436 1997; baseline 0.002 -15"><span class='ocrx_word' id='word_1_177' title='bbox 490 1940 536 1997; x_wconf 75' lang='grc' dir='ltr'><em>ἢν</em></span> <span class='ocrx_word' id='word_1_178' title='bbox 561 1942 617 1995; x_wconf 66' lang='grc' dir='ltr'>μὴ</span> <span class='ocrx_word' id='word_1_179' title='bbox 643 1938 709 1983; x_wconf 74' lang='grc' dir='ltr'>’π’</span> <span class='ocrx_word' id='word_1_180' title='bbox 739 1942 867 1997; x_wconf 77' lang='grc' dir='ltr'><em>ἐκείνῃ</em></span> <span class='ocrx_word' id='word_1_181' title='bbox 896 1941 1101 1996; x_wconf 81' lang='grc' dir='ltr'><em>φάσγανον</em></span> <span class='ocrx_word' id='word_1_182' title='bbox 1127 1942 1276 1984; x_wconf 81' lang='grc' dir='ltr'>σπάσω</span> <span class='ocrx_word' id='word_1_183' title='bbox 1302 1944 1436 1995; x_wconf 84' lang='grc' dir='ltr'><em>μέλαν,</em></span> 
     </span>
    </p>

    <p class='ocr_par' dir='ltr' id='par_1_11' title="bbox 190 2017 1637 2287">
     <span class='ocr_line' id='line_1_27' title="bbox 298 2017 1635 2077; baseline 0.001 -16"><span class='ocrx_word' id='word_1_184' title='bbox 298 2017 345 2074; x_wconf 67' lang='grc' dir='ltr'><em>ἢν</em></span> <span class='ocrx_word' id='word_1_185' title='bbox 371 2018 450 2075; x_wconf 78' lang='grc' dir='ltr'>μή·</span> <span class='ocrx_word' id='word_1_186' title='bbox 479 2018 741 2072; x_wconf 77' lang='grc' dir='ltr'><strong><em>σπασώμεθα</em></strong></span> <span class='ocrx_word' id='word_1_187' title='bbox 776 2035 803 2063; x_wconf 92' lang='lat' dir='ltr'>a</span> <span class='ocrx_word' id='word_1_188' title='bbox 834 2022 1041 2064; x_wconf 85' lang='lat' dir='ltr'>Nauckio</span> <span class='ocrx_word' id='word_1_189' title='bbox 1068 2023 1242 2076; x_wconf 84' lang='lat' dir='ltr'>legitur.</span> <span class='ocrx_word' id='word_1_190' title='bbox 1288 2023 1425 2065; x_wconf 88' lang='lat' dir='ltr'>Codd.</span> <span class='ocrx_word' id='word_1_191' title='bbox 1447 2021 1483 2063; x_wconf 85' lang='grc' dir='ltr'>εἰ</span> <span class='ocrx_word' id='word_1_192' title='bbox 1508 2020 1565 2077; x_wconf 83' lang='grc' dir='ltr'>μὴ</span> <span class='ocrx_word' id='word_1_193' title='bbox 1587 2047 1635 2053; x_wconf 91' lang='grc'><strong>-</strong></span> 
     </span>
     <span class='ocr_line' id='line_1_28' title="bbox 193 2086 1636 2144; baseline 0.003 -15"><span class='ocrx_word' id='word_1_194' title='bbox 193 2086 345 2129; x_wconf 81' lang='grc' dir='ltr'>σπάσω</span> <span class='ocrx_word' id='word_1_195' title='bbox 382 2088 508 2140; x_wconf 81' lang='grc' dir='ltr'><em>μέλαν</em></span> <span class='ocrx_word' id='word_1_196' title='bbox 546 2093 589 2131; x_wconf 90' lang='lat' dir='ltr'>et</span> <span class='ocrx_word' id='word_1_197' title='bbox 626 2088 655 2130; x_wconf 78' lang='grc' dir='ltr'>ε’.</span> <span class='ocrx_word' id='word_1_198' title='bbox 681 2106 723 2140; x_wconf 91' lang='grc' dir='ltr'>μ.</span> <span class='ocrx_word' id='word_1_199' title='bbox 754 2113 799 2120; x_wconf 93' lang='grc'>-</span> <span class='ocrx_word' id='word_1_200' title='bbox 832 2086 1084 2141; x_wconf 78' lang='grc' dir='ltr'><em>σπασέμεθα</em></span> <span class='ocrx_word' id='word_1_201' title='bbox 1123 2090 1192 2142; x_wconf 87' lang='grc' dir='ltr'>(Β)</span> <span class='ocrx_word' id='word_1_202' title='bbox 1230 2092 1453 2144; x_wconf 76' lang='lat' dir='ltr'>praebent.</span> <span class='ocrx_word' id='word_1_203' title='bbox 1522 2091 1636 2134; x_wconf 88' lang='lat' dir='ltr'>Cum</span> 
     </span>
     <span class='ocr_line' id='line_1_29' title="bbox 193 2156 1637 2211; baseline -0.001 -12"><span class='ocrx_word' id='word_1_204' title='bbox 193 2159 342 2200; x_wconf 85' lang='lat' dir='ltr'>verbis</span> <span class='ocrx_word' id='word_1_205' title='bbox 370 2158 554 2211; x_wconf 87' lang='lat' dir='ltr'>Pyladis</span> <span class='ocrx_word' id='word_1_206' title='bbox 592 2159 740 2199; x_wconf 87' lang='lat' dir='ltr'>minae</span> <span class='ocrx_word' id='word_1_207' title='bbox 782 2159 1099 2211; x_wconf 84' lang='lat' dir='ltr'>exprimantur,</span> <span class='ocrx_word' id='word_1_208' title='bbox 1138 2159 1405 2211; x_wconf 84' lang='lat' dir='ltr'>scripturam</span> <span class='ocrx_word' id='word_1_209' title='bbox 1443 2159 1570 2200; x_wconf 79' lang='lat' dir='ltr'>codd.</span> <span class='ocrx_word' id='word_1_210' title='bbox 1600 2156 1637 2198; x_wconf 70' lang='grc' dir='ltr'>εἰ</span> 
     </span>
     <span class='ocr_line' id='line_1_30' title="bbox 190 2221 1408 2287; baseline 0.001 -20"><span class='ocrx_word' id='word_1_211' title='bbox 190 2222 247 2279; x_wconf 89' lang='grc' dir='ltr'>μὴ</span> <span class='ocrx_word' id='word_1_212' title='bbox 274 2226 476 2279; x_wconf 87' lang='lat' dir='ltr'>praefero</span> <span class='ocrx_word' id='word_1_213' title='bbox 506 2228 548 2268; x_wconf 88' lang='lat' dir='ltr'>et</span> <span class='ocrx_word' id='word_1_214' title='bbox 575 2221 722 2265; x_wconf 82' lang='grc' dir='ltr'>σπάσω</span> <span class='ocrx_word' id='word_1_215' title='bbox 748 2224 874 2287; x_wconf 79' lang='grc' dir='ltr'><em>μέλαν</em></span> <span class='ocrx_word' id='word_1_216' title='bbox 901 2226 1079 2268; x_wconf 85' lang='lat' dir='ltr'>retineo.</span> <span class='ocrx_word' id='word_1_217' title='bbox 1137 2225 1200 2268; x_wconf 86' lang='lat' dir='ltr'>Cf.</span> <span class='ocrx_word' id='word_1_218' title='bbox 1229 2239 1323 2280; x_wconf 85' lang='lat' dir='ltr'>cap.</span> <span class='ocrx_word' id='word_1_219' title='bbox 1353 2226 1408 2268; x_wconf 89' lang='lat' dir='ltr'>H.</span> 
     </span>
    </p>
   </div>
   <div class='ocr_carea' id='block_1_3' title="bbox 194 2298 445 2308">
    <p class='ocr_par' dir='ltr' id='par_1_12' title="bbox 194 2298 445 2308">
     <span class='ocr_line' id='line_1_31' title="bbox 194 2298 445 2308; baseline 0 0"><span class='ocrx_word' id='word_1_220' title='bbox 194 2298 445 2308; x_wconf 95' lang='lat' dir='ltr'> </span> 
     </span>
    </p>
   </div>
   <div class='ocr_carea' id='block_1_4' title="bbox 306 2328 1637 2371">
    <p class='ocr_par' dir='ltr' id='par_1_13' title="bbox 306 2328 1637 2371">
     <span class='ocr_line' id='line_1_32' title="bbox 306 2328 1637 2371; baseline 0.001 -10"><span class='ocrx_word' id='word_1_221' title='bbox 306 2329 329 2369; x_wconf 86' lang='lat'>¹)</span> <span class='ocrx_word' id='word_1_222' title='bbox 351 2328 458 2362; x_wconf 84' lang='lat' dir='ltr'>Ceteri</span> <span class='ocrx_word' id='word_1_223' title='bbox 479 2329 541 2361; x_wconf 90' lang='lat' dir='ltr'>loci</span> <span class='ocrx_word' id='word_1_224' title='bbox 570 2331 662 2362; x_wconf 81' lang='lat' dir='ltr'>sunt:</span> <span class='ocrx_word' id='word_1_225' title='bbox 689 2328 775 2362; x_wconf 86' lang='lat' dir='ltr'>And.</span> <span class='ocrx_word' id='word_1_226' title='bbox 796 2329 840 2362; x_wconf 88' lang='grc'>90</span> <span class='ocrx_word' id='word_1_227' title='bbox 860 2346 912 2369; x_wconf 89' lang='grc'>-,</span> <span class='ocrx_word' id='word_1_228' title='bbox 939 2329 1009 2362; x_wconf 82' lang='lat' dir='ltr'>Alo.</span> <span class='ocrx_word' id='word_1_229' title='bbox 1031 2329 1103 2366; x_wconf 85' lang='lat'>850,</span> <span class='ocrx_word' id='word_1_230' title='bbox 1131 2329 1218 2363; x_wconf 86' lang='lat' dir='ltr'>And.</span> <span class='ocrx_word' id='word_1_231' title='bbox 1242 2329 1312 2367; x_wconf 87' lang='lat'>188,</span> <span class='ocrx_word' id='word_1_232' title='bbox 1339 2329 1414 2364; x_wconf 83' lang='lat' dir='ltr'>Hel.</span> <span class='ocrx_word' id='word_1_233' title='bbox 1437 2330 1528 2371; x_wconf 85' lang='grc'>1091,</span> <span class='ocrx_word' id='word_1_234' title='bbox 1548 2329 1583 2362; x_wconf 90' lang='grc' dir='ltr'>Η</span> <span class='ocrx_word' id='word_1_235' title='bbox 1614 2330 1637 2362; x_wconf 88' lang='lat' dir='ltr'>f.</span> 
     </span>
    </p>
   </div>
   <div class='ocr_carea' id='block_1_5' title="bbox 192 2379 1639 2533">
    <p class='ocr_par' dir='ltr' id='par_1_14' title="bbox 192 2379 1639 2533">
     <span class='ocr_line' id='line_1_33' title="bbox 193 2379 1639 2424; baseline 0 -10"><span class='ocrx_word' id='word_1_236' title='bbox 193 2381 265 2419; x_wconf 88' lang='lat'>848,</span> <span class='ocrx_word' id='word_1_237' title='bbox 301 2380 413 2424; x_wconf 88' lang='lat' dir='ltr'>Suppl.</span> <span class='ocrx_word' id='word_1_238' title='bbox 442 2381 514 2422; x_wconf 90' lang='lat'>541,</span> <span class='ocrx_word' id='word_1_239' title='bbox 545 2381 617 2414; x_wconf 88' lang='lat' dir='ltr'>Jon.</span> <span class='ocrx_word' id='word_1_240' title='bbox 647 2381 739 2422; x_wconf 87' lang='lat'>1415,</span> <span class='ocrx_word' id='word_1_241' title='bbox 775 2380 862 2414; x_wconf 87' lang='lat' dir='ltr'>Med.</span> <span class='ocrx_word' id='word_1_242' title='bbox 884 2380 957 2421; x_wconf 85' lang='lat'>389,</span> <span class='ocrx_word' id='word_1_243' title='bbox 984 2379 1038 2415; x_wconf 89' lang='lat' dir='ltr'>Or.</span> <span class='ocrx_word' id='word_1_244' title='bbox 1061 2381 1111 2422; x_wconf 89' lang='grc'>70,</span> <span class='ocrx_word' id='word_1_245' title='bbox 1142 2380 1260 2419; x_wconf 80' lang='lat' dir='ltr'>Phoen,</span> <span class='ocrx_word' id='word_1_246' title='bbox 1283 2381 1353 2414; x_wconf 88' lang='lat'>758.</span> <span class='ocrx_word' id='word_1_247' title='bbox 1377 2382 1448 2415; x_wconf 89' lang='lat'>775.</span> <span class='ocrx_word' id='word_1_248' title='bbox 1470 2382 1542 2415; x_wconf 88' lang='grc'>975.</span> <span class='ocrx_word' id='word_1_249' title='bbox 1563 2382 1639 2420; x_wconf 79' lang='grc'>976,</span> 
     </span>
     <span class='ocr_line' id='line_1_34' title="bbox 192 2432 1638 2476; baseline 0 -11"><span class='ocrx_word' id='word_1_250' title='bbox 192 2434 297 2475; x_wconf 77' lang='lat' dir='ltr'>fragg.</span> <span class='ocrx_word' id='word_1_251' title='bbox 326 2434 378 2466; x_wconf 85' lang='lat'>73.</span> <span class='ocrx_word' id='word_1_252' title='bbox 405 2433 469 2466; x_wconf 85' lang='lat'>364</span> <span class='ocrx_word' id='word_1_253' title='bbox 496 2444 524 2465; x_wconf 86' lang='lat' dir='ltr'>v.</span> <span class='ocrx_word' id='word_1_254' title='bbox 547 2433 577 2466; x_wconf 87' lang='lat'>3.</span> <span class='ocrx_word' id='word_1_255' title='bbox 600 2433 673 2470; x_wconf 86' lang='lat'>438,</span> <span class='ocrx_word' id='word_1_256' title='bbox 701 2432 749 2466; x_wconf 84' lang='lat' dir='ltr'>De</span> <span class='ocrx_word' id='word_1_257' title='bbox 771 2433 825 2467; x_wconf 86' lang='lat' dir='ltr'>Or.</span> <span class='ocrx_word' id='word_1_258' title='bbox 850 2433 931 2466; x_wconf 81' lang='lat'>1282</span> <span class='ocrx_word' id='word_1_259' title='bbox 959 2433 998 2465; x_wconf 81' lang='lat' dir='ltr'>cf.</span> <span class='ocrx_word' id='word_1_260' title='bbox 1026 2443 1126 2476; x_wconf 80' lang='lat' dir='ltr'>supra</span> <span class='ocrx_word' id='word_1_261' title='bbox 1152 2433 1193 2465; x_wconf 72' lang='lat' dir='ltr'>ml</span> <span class='ocrx_word' id='word_1_262' title='bbox 1220 2433 1275 2467; x_wconf 83' lang='lat' dir='ltr'>Or.</span> <span class='ocrx_word' id='word_1_263' title='bbox 1296 2434 1367 2466; x_wconf 88' lang='grc'>976.</span> <span class='ocrx_word' id='word_1_264' title='bbox 1390 2451 1431 2457; x_wconf 93' lang='grc'><strong>-</strong></span> <span class='ocrx_word' id='word_1_265' title='bbox 1453 2433 1638 2467; x_wconf 75' lang='lat' dir='ltr'>Subaudias</span> 
     </span>
     <span class='ocr_line' id='line_1_35' title="bbox 193 2482 1490 2533; baseline 0 -16"><span class='ocrx_word' id='word_1_266' title='bbox 193 2482 269 2518; x_wconf 82' lang='grc' dir='ltr'><strong><em>ἐστί</em></strong></span> <span class='ocrx_word' id='word_1_267' title='bbox 290 2485 341 2517; x_wconf 79' lang='lat' dir='ltr'>his</span> <span class='ocrx_word' id='word_1_268' title='bbox 363 2485 459 2518; x_wconf 82' lang='lat' dir='ltr'>loeis:</span> <span class='ocrx_word' id='word_1_269' title='bbox 487 2485 564 2518; x_wconf 83' lang='lat' dir='ltr'>Hee.</span> <span class='ocrx_word' id='word_1_270' title='bbox 589 2486 659 2518; x_wconf 91' lang='lat'>751.</span> <span class='ocrx_word' id='word_1_271' title='bbox 684 2485 775 2523; x_wconf 88' lang='grc'>1006,</span> <span class='ocrx_word' id='word_1_272' title='bbox 797 2485 923 2519; x_wconf 82' lang='lat' dir='ltr'>Heracl.</span> <span class='ocrx_word' id='word_1_273' title='bbox 948 2485 1020 2526; x_wconf 86' lang='lat'>256,</span> <span class='ocrx_word' id='word_1_274' title='bbox 1041 2484 1139 2528; x_wconf 89' lang='lat' dir='ltr'>Hipp.</span> <span class='ocrx_word' id='word_1_275' title='bbox 1162 2485 1234 2526; x_wconf 85' lang='lat'>443,</span> <span class='ocrx_word' id='word_1_276' title='bbox 1255 2485 1374 2519; x_wconf 84' lang='lat' dir='ltr'>Phoen.</span> <span class='ocrx_word' id='word_1_277' title='bbox 1400 2485 1490 2533; x_wconf 84' lang='grc'>1280.</span> 
     </span>
    </p>
   </div>
   <div class='ocr_carea' id='block_1_6' title="bbox 0 2988 1815 3047">
    <p class='ocr_par' dir='ltr' id='par_1_15' title="bbox 0 2988 1815 3047">
     <span class='ocr_line' id='line_1_36' title="bbox 0 2988 1815 3047; baseline 0 0"><span class='ocrx_word' id='word_1_278' title='bbox 0 2988 1815 3047; x_wconf 95' lang='lat' dir='ltr'> </span> 
     </span>
    </p>
   </div>
  </div>
 </body>
</html>
