1815 3068
766 122 1024 162 ..55-

282 234 487 284 Observa
511 234 651 275 verba
675 233 724 275 in
759 247 801 274 v.
832 236 930 275 1011
966 228 994 286 ἢ
1020 234 1094 272 σοῦ
1118 226 1339 272 κατθανών
1369 234 1474 283 μενῶ
1499 232 1613 284 μέτα.

179 303 359 346 Orestes
385 300 508 354 prius
533 313 574 341 v.
608 302 707 343 1008
724 312 787 354 sq.
816 299 927 342 haee
952 301 1092 343 verba
1117 301 1282 343 fecerat

1039 375 1264 432 κοινόφρων
1291 377 1336 418 δὲ
1363 378 1428 418 σοὶ

433 444 505 485 καὶ
532 447 598 499 ζῆν
623 438 788 495 θέλοιμ’
819 439 869 484 ὃν
894 443 967 484 καὶ
992 442 1131 484 θανών
1157 446 1291 495 λαχεῖν
1315 441 1415 485 ἴσον.

286 534 438 577 Verba
463 541 537 574 σοῦ
560 534 780 574 κατθανὼν
803 534 909 585 μενῶ
932 531 1036 584 μέτα
1067 534 1180 575 nihil
1214 534 1338 576 aliud
1365 534 1619 586 significant

177 614 235 644 ae
263 595 427 652 θέλοιμ’
458 595 507 642 ἂν
531 599 603 642 καὶ
628 598 768 642 θανών
793 601 927 651 λαχεῖν
952 597 1052 642 ἴσον.
1108 600 1207 651 Qua
1225 601 1280 643 de
1306 613 1442 643 eausa
1467 602 1615 643 nescio

177 683 240 712 an
265 670 524 712 Dindorfius
550 673 668 713 reete
696 683 737 711 v.
760 673 861 712 1010
878 682 941 723 sq.
971 669 1298 719 damnaverit.¹)

232 758 272 800 J.
301 758 354 799 A.
387 761 484 799 1171
539 750 620 809 ὅγ’,
647 750 696 810 ἤν
722 753 940 810 στρατεύσῃ
967 756 1207 796 καταλιπών
1229 754 1275 807 μ’
1304 754 1346 796 ἐν
1369 756 1564 806 δώμασιν,

344 830 349 837 ’
532 817 654 864 κάκεῖ
679 822 770 876 γένῃ
798 825 846 864 σὺ
872 821 941 864 διὰ
969 825 1126 876 μακρᾶς
1152 817 1364 873 ἀπουσίας,

540 884 618 931 τίν’
648 889 690 931 ἐν
715 891 856 942 δόμοις
880 905 931 942 με
955 888 1124 944 καρδίαν
1150 889 1250 938 ἕξειν
1276 891 1441 940 δοκεῖς;’

304 980 654 1034 Clytaemnestra
711 981 1093 1033 Agamemnonem
1153 981 1403 1034 alloquitur.
1495 981 1618 1022 Audi

182 1047 503 1089 Marklandum
521 1047 580 1088 ad
598 1047 639 1088 h.
659 1047 686 1088 l.
733 1047 857 1099 „Vox
877 1041 923 1099 ἢν
949 1050 992 1089 et
1009 1059 1164 1089 sensus
1183 1048 1419 1101 postulant,
1448 1049 1615 1100 opinor,

181 1113 430 1166 στρατεύσῃς,
467 1116 519 1155 ut
543 1110 694 1166 γενήσῃ,
732 1114 855 1155 modi
880 1115 1161 1170 subiunctivi‚
1199 1114 1442 1156 secundam
1466 1126 1617 1167 perso-

181 1180 323 1222 nam.“
378 1176 530 1233 γενήσῃ,
558 1192 694 1234 quam
720 1181 848 1222 codd.
876 1181 1101 1234 praebent,
1133 1193 1223 1221 non
1250 1183 1317 1222 esi:
1348 1182 1618 1222 coniunctivi

178 1248 337 1299 forma,
350 1248 428 1290 sed
439 1248 586 1289 futuri.
613 1247 853 1289 Elmsleius
864 1244 901 1286 εὶ
912 1243 1141 1298 στρατεύσει
1155 1270 1201 1276 -
1214 1243 1363 1300 γενήσει
1376 1249 1615 1301 proposuit.

181 1314 384 1365 Weilius,
412 1316 490 1367 qui
506 1310 657 1366 γενήσει
676 1315 862 1367 scripsit,
891 1315 955 1355 sie
973 1316 1112 1355 verba
1137 1315 1257 1355 feeit:
1289 1314 1428 1365 „C’est
1455 1328 1540 1366 que
1567 1315 1615 1354 la

180 1382 344 1435 longue
371 1382 558 1424 absence
586 1380 938 1434 d'Agamemnon
973 1380 1083 1422 n’est
1119 1380 1253 1434 qu'un
1290 1380 1520 1423 oorollaire
1558 1381 1614 1423 de

179 1461 261 1490 son
290 1449 446 1502 depart
471 1461 584 1501 pour
619 1448 665 1489 la
691 1460 860 1500 guerre.
914 1448 1143 1489 Hermann
1184 1450 1268 1490 cite
1306 1451 1416 1490 oefibe
1451 1448 1614 1501 phrase

180 1515 448 1557 d’HdrOdote
474 1515 574 1566 (HI,
602 1515 686 1566 69):
732 1508 813 1552 'Hv
838 1511 913 1565 γὰρ
951 1511 1001 1566 δὴ
1027 1511 1082 1567 μὴ
1121 1511 1289 1567 τυγχάνῃ
1316 1512 1367 1553 τὰ
1394 1507 1478 1553 ὦτα
1505 1512 1613 1563 istm,

180 1580 438 1633 ἐπίλαμπτος
462 1580 508 1622 δὲ
535 1575 776 1635 ἀφάσσουσα
804 1578 918 1622 ἔσται
944 1575 1048 1622 κτὲ.”
1098 1582 1290 1626 Steinius
1318 1585 1467 1625 tamen
1493 1579 1530 1622 εἰ
1558 1596 1612 1624 ex

177 1651 287 1693 Cod.
316 1650 518 1692 Romano
546 1650 647 1691 Vat.
670 1653 743 1692 123
772 1652 815 1691 et
840 1645 1018 1701 τυγχάνει
1047 1663 1102 1691 ex
1131 1650 1257 1692 codd.
1285 1651 1418 1703 primi
1444 1651 1613 1692 ordinis

178 1719 353 1771 recepit.
409 1717 498 1760 Sed
533 1730 604 1759 res
631 1718 800 1759 ineerta
825 1729 923 1759 esse
949 1717 1061 1758 mihi
1086 1718 1272 1759 videtur.
1329 1717 1497 1770 Scripsi
1523 1715 1613 1769 γένῃ

179 1784 227 1825 σύ
246 1785 504 1827 ‚seeundum
540 1783 811 1826 Kirohhoffii
841 1785 1152 1826 coniecturam.
1207 1784 1296 1827 Sed
1323 1784 1395 1826 hie
1423 1786 1516 1838 ipse
1544 1786 1614 1826 vir

176 1853 460 1895 doctissimus
487 1848 627 1903 γενήσῃ
654 1852 761 1904 legit
786 1854 829 1893 et
855 1865 958 1893 eum
984 1864 1035 1893 eo
1064 1851 1307 1893 Nauekius.

364 1940 440 1991 bss)
467 1939 523 1981 In
548 1938 735 1992 apodosi
760 1951 970 1992 praesens
996 1941 1231 1981 invenitur.

463 2006 571 2049 Post
597 2000 665 2059 ἤνε

227 2076 344 2116 And.
373 2078 447 2116 381
502 2068 556 2120 ὥς
576 2068 629 2125 -ἢν
654 2070 786 2126 θάνῃς
811 2070 871 2122 σύ,
899 2076 1001 2121 παῖς
1028 2068 1090 2113 δ’δ’
1119 2071 1300 2127 ἐκφεύγει
1326 2071 1456 2125 μόρον,

504 2147 577 2181 σοῦ
601 2138 639 2180 δ’
670 2134 716 2181 οὗ
743 2137 950 2194 θελοίσης,
978 2143 1198 2180 κατθανεῖν
1223 2137 1336 2181 τόνδε
1361 2142 1494 2181 κτενῶ.

278 2225 491 2278 Tempore
517 2226 739 2278 praesenti
765 2220 945 2276 ἐκφεύγει
973 2226 1086 2266 aetio
1115 2226 1402 2277 significatur,
1430 2238 1544 2279 quae
1563 2226 1610 2267 in

172 2294 426 2348 praesentia
455 2294 758 2347 praeparatur.
814 2292 878 2334 Cf.
906 2292 1191 2345 Kruegerum
1217 2293 1243 2334 1.
1273 2293 1300 2333 1.
1330 2293 1386 2344 H,
1416 2295 1477 2344 53,
1509 2297 1543 2344 1,
1572 2296 1607 2334 6.

173 2361 327 2404 Verba
353 2366 426 2401 σοῦ
450 2355 490 2401 δ’
521 2353 567 2401 οὗ
593 2356 790 2413 θελούσης
821 2360 941 2403 idem
968 2360 1118 2402 valent
1144 2360 1263 2414 quod
1291 2373 1357 2403 en.
1387 2360 1611 2403 condicio-

173 2429 286 2471 nale.
342 2422 388 2478 οὗ
415 2431 568 2480 exstat,
596 2429 703 2482 quia
729 2428 844 2470 duae
870 2429 1070 2469 notiones
1097 2429 1143 2469 in
1171 2441 1308 2469 unam
1337 2432 1505 2470 coeunt.
1567 2430 1614 2470 Si

280 2535 303 2574 ¹)
325 2532 431 2568 ceteri
444 2532 507 2566 loci
521 2534 612 2565 sunt:
635 2531 718 2567 And.
731 2532 803 2566 202.
819 2532 890 2565 663.
906 2531 1024 2565 Bacch.
1038 2531 1110 2569 960,
1132 2532 1230 2575 Hipp.
1245 2532 1317 2573 512,
1341 2531 1396 2566 Or.
1410 2532 1501 2566 1149.
1520 2533 1610 2566 1593.
