1815 3047
792 162 1050 201 -36-

200 275 290 315 iam
334 274 482 325 Argos
528 274 667 324 venit,
707 286 843 327 quam
889 273 1118 315 Menelaus
1157 277 1292 316 noctu.
1329 275 1388 316 ad
1423 274 1639 328 palatium

198 342 497 394 praemiserat.
552 341 707 394 Itaque
734 354 823 382 non
857 342 950 382 iam
982 344 1048 382 est
1080 353 1217 382 causa
1242 343 1424 383 timoris.
1469 336 1639 394 ἐφύλαξε

198 405 320 447 νύκτα
331 427 384 440 =
400 409 575 449 noctem
593 409 879 460 exspectabat
897 408 1076 458 („nahm
1095 409 1166 449 die
1183 409 1402 460 passende
1421 408 1636 461 Gelegen-

196 475 288 517 heit
313 474 488 525 wahr“)
525 487 581 516 ne
608 474 688 516 illa
713 475 998 528 lapidaretur.
1056 474 1168 516 Cum
1202 476 1318 517 actio
1350 476 1637 528 exspectandi

195 546 370 583 noctem
396 543 636 595 praeterita
663 543 720 583 sit
751 555 893 594 neque
921 543 1100 583 effectus
1135 543 1320 583 actionis
1348 543 1488 594 duret,
1516 540 1632 581 ἔλθοι

194 610 481 651 scribendum
508 612 584 650 est.
613 609 892 650 Kirchhoffio
920 612 963 662 et
988 609 1194 651 Nauckio
1228 610 1413 651 alteram
1444 610 1634 651 formam

192 677 506 729 recipientibus
534 676 797 728 adstipulari
824 689 1005 728 nequeo.

191 791 271 832 III.
304 791 400 832 ⁴De
438 790 588 831 modo
627 792 743 843 post
781 789 876 838 ἳνα,
915 789 993 828 ἵνα
1031 786 1109 842 μή,
1156 783 1232 837 ὡς,
1277 783 1337 837 ὡς
1372 786 1449 843 μή,
1489 784 1628 839 ὅπως,

193 851 306 903 ὅπως
333 854 412 909 μή,
440 853 503 909 μή
531 858 642 898 solo
672 870 699 898 a
725 858 1044 910 temporibus
1078 858 1380 909 praeteritis
1407 858 1629 910 penden-

455 926 596 966 tibus
625 925 760 977 apud
787 924 1093 977 Euripidem
1121 924 1367 966 adhibito.

297 1003 444 1055 Supra
473 1003 522 1051 11,
551 1015 579 1042 a
607 1002 706 1051 (ἵνα)
734 1003 986 1042 invenimus
1013 1003 1135 1043 locos
1156 1002 1203 1053 V,
1232 1015 1422 1055 quorum
1448 1001 1506 1041 III
1533 1015 1628 1043 cor-

188 1071 298 1111 recti
324 1072 444 1119 sunt3
471 1068 521 1119 ΙΙ,
550 1070 578 1110 b
606 1068 728 1109 locos
748 1068 795 1119 V,
825 1081 1015 1121 quorum
1042 1081 1157 1109 unus
1184 1070 1231 1109 in
1257 1069 1367 1121 frag.
1399 1070 1626 1122 reperitur,

188 1137 482 1179 exhibuimus.
538 1136 777 1177 Praeterea
803 1136 924 1177 locos
953 1135 1084 1175 XXXI
1109 1137 1191 1177 sub
1221 1135 1269 1183 11,
1291 1150 1314 1178 c
1342 1132 1413 1187 (ὥς
1438 1159 1485 1164 -
1513 1149 1626 1177 unus

186 1205 213 1245 l.
240 1206 286 1245 in
313 1205 455 1255 frag),
484 1216 675 1256 quorum
693 1203 761 1244 III
791 1204 848 1243 ab
874 1203 1116 1244 editoribus
1144 1206 1247 1243 sunt
1264 1204 1438 1253 mutati;
1466 1204 1549 1244 sub
1567 1203 1624 1253 II,

187 1272 216 1312 d
246 1271 319 1321 VI;
353 1272 437 1312 sub
471 1284 494 1312 e
537 1264 679 1320 (ὅπως)
708 1269 813 1320 VII,
855 1283 911 1310 ex
944 1270 1105 1322 quibus
1138 1283 1252 1311 unus
1285 1273 1508 1312 correctus
1542 1272 1624 1319 est3

187 1339 269 1379 sub
299 1338 321 1378 f
334 1337 370 1388 13
400 1338 589 1390 denique
613 1338 696 1378 sub
716 1348 747 1388 g
765 1332 852 1387 (μή)
871 1335 930 1375 ΙΙΙ
950 1336 986 1386 (I
1004 1338 1131 1384 corr.)
1160 1337 1421 1377 invenimus.
1468 1337 1623 1389 Itaque

185 1406 295 1446 locis
358 1404 487 1444 LVIII
555 1405 775 1457 optativus
790 1437 799 1455 ‚
861 1403 956 1443 VIII
1016 1405 1320 1445 coniunctivus
1381 1405 1622 1454 invenitur3

184 1485 328 1526 neque
357 1485 463 1514 vero
490 1474 683 1512 metrum
710 1472 856 1512 obstat
883 1472 1119 1524 quominus
1150 1470 1198 1511 hi
1231 1471 1319 1512 loci
1358 1470 1452 1511 VIII
1485 1471 1620 1513 corri-

182 1543 358 1593 gantur.
397 1539 508 1580 Inde
527 1538 745 1580 concludo
758 1538 1018 1591 Euripidem
1037 1539 1366 1579 coniunctivum
1377 1550 1622 1592 numquam

182 1610 246 1649 sic
274 1608 542 1648 adhibuisse.

344 1721 420 1761 IV.
468 1721 544 1761 De
571 1720 720 1760 modo
748 1722 863 1771 post
890 1720 1182 1771 optativum
1210 1719 1455 1760 adhibito.

375 1798 418 1848 α)
456 1797 555 1839 Hoc
582 1797 715 1838 modo
754 1798 799 1837 in
828 1809 893 1837 en.
929 1796 1069 1838 libero
1109 1796 1279 1849 aliquid
1307 1797 1450 1849 optari
1482 1797 1617 1849 signi-

456 1865 625 1906 ficatur.

380 1936 412 1973 1.
454 1932 686 1985 Optativus
713 1932 760 1972 in
788 1931 913 1973 codd.
942 1931 1114 1983 legitur.

230 2001 336 2042 Hec.
367 2003 441 2040 837
497 1996 539 2038 εἶ’
560 2013 630 2048 μοι
659 1997 811 2049 γένοιτο
839 1994 1019 2049 φθόγγος
1045 1996 1086 2037 ὲν
1111 1996 1297 2048 βραχίοσι

458 2088 463 2094 ·
497 2065 569 2106 καὶ
593 2064 701 2117 χερσὶ
728 2064 799 2105 καὶ
827 2061 995 2115 κόμαισι
1023 2063 1093 2104 καὶ
1120 2065 1258 2105 ποδῶν
1286 2061 1415 2115 βάσει,

496 2129 524 2185 ἢ
550 2130 756 2172 Δαιδάλου
783 2131 983 2180 τέχναισιν
1009 2127 1036 2184 ἢ
1063 2134 1169 2171 θεῶν
1194 2147 1311 2180 τινος,

495 2195 550 2249 ὡς
575 2193 706 2241 πάνθ’
738 2194 890 2254 ὁμαρτῇ
918 2200 999 2240 σῶν
1025 2197 1179 2250 ἐβεοιντο
1206 2198 1404 2253 γουνάτων

493 2262 668 2308 κλαίοντ’
698 2264 1003 2320 ἐπισκήπτοντα
1030 2266 1250 2314 παντοίους
1276 2265 1425 2319 λόγους.

278 2345 405 2397 ἔχοιτο
433 2350 476 2389 et
502 2344 651 2396 ἐγοιντο
679 2349 782 2388 sunt
809 2348 1053 2399 scripturae
1081 2347 1208 2388 codd.

225 2426 356 2480 Hipp.
387 2428 463 2467 732
517 2419 728 2477 ἠλιβάτοις
754 2421 835 2462 ὑπὸ
862 2424 1071 2474 κευθμιῦσι
1099 2421 1293 2475 γενοίμαν,

517 2492 585 2531 ἵνα
612 2506 662 2543 με
687 2498 940 2544 πτεροῦσσαν
966 2486 1071 2543 ὄρνιν
1136 2519 1139 2523 -

517 2557 614 2606 θεὸς
640 2557 715 2598 εἰνὶ
742 2561 943 2605 ποταναῖς
970 2552 1132 2610 ἀγέλαις
1158 2556 1265 2611 θείη.
