1815 3068
760 193 1019 247 -49÷

171 311 231 352 sit
247 302 309 340 ’τε
334 300 372 343 εἰ
407 299 609 354 βλάπτοις
638 299 824 352 ἐκείνους,
860 301 984 356 μηδὲν
1021 297 1070 342 ἂν
1107 303 1157 342 σὺ
1194 304 1427 355 σωφρονοῖς.
1492 303 1607 345 Mat-

171 376 346 417 thiaeus
373 373 417 412 et
441 369 674 412 Nauekius
701 383 820 421 vero,
849 383 952 412 cum
978 372 1309 412 conjunctivum
1326 372 1527 421 retinent,
1555 365 1606 424 ἥν

173 439 336 491 legunt.
402 436 531 478 Prior
579 439 832 479 correctura
877 437 1010 489 longe
1063 437 1355 489 praeferenda
1401 440 1478 479 est.
1553 439 1607 478 In

170 504 324 559 Suppl.
357 506 432 547 180
458 497 518 554 ἅν,
556 504 677 559 quod
703 503 903 557 Scaliger
929 504 1127 555 restituit,
1165 505 1212 546 in
1251 505 1426 558 optImis
1453 505 1606 548 editio-

172 573 305 613 nibus
330 585 412 624 pro
440 573 660 625 scriptura
684 573 903 614 librorum
929 566 978 609 ἄν
1003 572 1175 623 legitur.
1232 572 1321 613 Sed
1352 573 1476 613 locus
1503 585 1606 625 spu-

172 640 266 681 rius
293 641 371 681 est.
425 639 479 681 In
505 639 681 682 Heracl.
713 642 815 681 1020
840 639 1078 682 Elmsleius
1105 632 1154 692 ἤν
1179 640 1380 681 restituit.

276 707 331 748 In
357 708 474 748 crasi
498 700 573 745 κῖίν
599 719 679 760 pro
706 705 776 745 καὶ
804 702 874 745 ἐάν
910 708 1024 749 sicut
1061 707 1182 783 apud
1222 707 1333 748 alios
1371 708 1606 760 scriptores

173 776 342 815 veteres
368 775 540 815 Atticos
568 774 812 816 exhibetur.
864 774 1029 815 Forma
1054 768 1129 812 κάν
1155 786 1183 814 a
1208 772 1281 812 καὶ
1308 767 1357 825 ήν
1384 775 1491 815 oriri
1516 787 1606 815 non

171 841 323 894 potuit.
380 840 444 882 Cf.
472 841 569 882 Alc.
599 844 673 882 661
702 834 794 893 (χὴ),
821 842 899 882 Ar.
926 840 1049 882 Thes.
1078 843 1154 882 522
1183 834 1343 893 (χῆτις),
1372 841 1503 894 Soph.
1533 842 1603 883 Ai.

174 911 272 950 ¹309
300 901 472 960 (κῆμᾰς)
500 910 542 949 et
569 905 623 949 'al
634 909 662 957 ¹)

278 986 345 1027 De
383 979 431 1023 οἷν
467 998 547 1037 pro
585 979 633 1036 ἤν
670 985 788 1038 apud
825 986 1018 1036 tragicos
1056 986 1211 1027 vitiose
1249 987 1411 1038 scripto
1451 987 1502 1026 cf.
1531 987 1607 1027 El-

172 1053 390 1095 lendtium
416 1053 464 1094 in
490 1052 595 1094 Lex.
625 1052 756 1105 Soph.
785 1053 820 1104 I,
847 1066 888 1106 p.
921 1056 1005 1095 129.

278 1130 506 1172 Particula
542 1124 592 1168 ἅν
632 1124 694 1182 (ἢν
724 1149 777 1163 =
809 1127 845 1169 εἰ
877 1153 928 1158 -
956 1126 1020 1179 ἄν)
1059 1132 1350 1183 significatur,
1390 1133 1607 1172 actionem

167 1197 370 1239 futuram
396 1210 452 1238 ex
481 1198 632 1250 aliqua
657 1210 705 1239 re
731 1198 975 1250 pendere2).

362 1288 402 1335 a)
432 1286 553 1327 Coni.
581 1287 825 1338 praesentis
852 1288 1032 1332 exstat³)
1058 1288 1158 1338 post
1183 1280 1239 1337 ἥν.

434 1353 476 1401 α)
503 1354 551 1393 in
578 1353 762 1405 apodosi
786 1353 985 1394 futurum
1012 1353 1251 1394 invenitur:

277 1430 383 1471 Hec.
413 1433 489 1471 293
516 1426 561 1468 τὸ
589 1422 626 1468 δ’
648 1422 818 1479 ἀξίωμα,
847 1424 922 1468 κᾶν
945 1430 1080 1475 κακῶς
1105 1428 1236 1482 λέγῃς,
1263 1426 1308 1469 τὸ
1336 1427 1405 1469 σὸν
1431 1427 1578 1469 πείσει.

275 1506 370 1548 Tua
395 1507 646 1557 auctoritas,
675 1507 848 1548 etiamsi
872 1506 989 1548 male
1015 1507 1221 1560 loqueris,
1249 1507 1544 1560 persuadebit.

276 1584 452 1626 Heraol.
483 1588 558 1625 252
611 1586 699 1624 AH.
738 1580 878 1624 τούσδε
905 1578 942 1623 δ’
958 1577 1029 1624 οὗκ
1057 1578 1163 1632 ἔξεις
1189 1582 1304 1624 ποτέ.

609 1654 696 1692 ΚΟ.
736 1644 883 1704 οὐδ’ἢν
908 1649 1065 1700 δίκαιον
1090 1643 1172 1705 ᾗτι
1199 1650 1270 1691 καὶ
1297 1652 1394 1691 νικῶ
1420 1647 1543 1704 λόγῳ;

277 1729 509 1771 Nauckius
546 1743 626 1782 pro
665 1731 884 1782 scriptura
919 1731 1137 1772 librorum
1174 1724 1244 1769 οὐκ
1281 1731 1471 1771 restituit
1508 1722 1603 1769 οἶδ’.

140 1833 145 1839 .
172 1796 436 1849 Demophon
474 1796 693 1849 Copreum
729 1796 994 1838 Heraclidas
1033 1797 1288 1838 ablaturum
1325 1809 1421 1838 esse
1461 1800 1605 1850 negat,

167 1876 306 1917 quem
331 1863 404 1905 hic
431 1864 688 1916 interrogat:
725 1876 803 1915 „ne
831 1864 869 1905 si
896 1864 1206 1905 demonstrabo
1235 1864 1431 1917 quidem,
1458 1876 1606 1906 meam

167 1942 356 1972 causam
383 1942 478 1971 esse
501 1930 712 1983 justam&

276 2008 495 2061 Exempla
526 2008 654 2049 attuli
680 2008 870 2050 duorum
903 2020 1117 2061 generum
1148 2009 1476 2050 enuntiatorum
1503 2022 1606 2051 con-

278 2133 303 2173 ¹)
326 2129 394 2166 κᾶν
416 2133 467 2166 his
488 2133 570 2166 locis
598 2133 780 2167 exhibetur:
811 2133 881 2166 Alc.
910 2134 959 2167 56.
987 2133 1061 2171 847,
1092 2134 1176 2168 And.
1197 2134 1267 2167 213.
1291 2134 1364 2167 422.
1387 2134 1457 2174 740,
1488 2134 1605 2167 Bacch.

167 2184 244 2217 355.
267 2184 339 2217 640.
360 2183 432 2224 817,
458 2184 541 2218 Hoc.
563 2185 635 2221 751,
663 2184 735 2218 Hel.
758 2185 858 2226 3445,
878 2184 1006 2218 Heracl.
1028 2186 1077 2217 67.
1106 2185 1178 2218 342.
1201 2185 1273 2226 587,
1306 2185 1417 2227 Suppl.
1439 2185 1512 2219 388.
1532 2185 1607 2224 473.

171 2236 203 2269 J.
225 2234 265 2269 A.
287 2236 338 2269 33.
360 2235 431 2269 533.
457 2236 547 2270 1166.
571 2236 663 2277 1271,
683 2236 755 2270 Jon.
778 2237 849 2270 674.
874 2236 966 2272 1037.
989 2237 1080 2270 1259.
1104 2237 1197 2278 1415,
1224 2236 1310 2279 Cycl.
1331 2237 1403 2277 573,
1426 2235 1510 2270 Mod.
1533 2236 1604 2274 787,

172 2288 228 2322 Or.
250 2288 322 2321 314.
346 2288 437 2328 1195,
469 2288 522 2321 Tr.
544 2288 615 2322 357.
643 2289 715 2322 701.
742 2289 813 2322 914.
843 2289 934 2326 1059,
966 2289 1083 2322 Phoen.
1106 2289 1177 2322 629.
1205 2290 1276 2321 777.
1303 2289 1374 2322 975.
1399 2288 1489 2322 1231.
1514 2289 1605 2326 1657,

173 2340 236 2374 Rh.
259 2340 328 2373 126.
353 2340 424 2378 141,
456 2340 560 2383 ἔπιες.
582 2340 652 2374 720.
676 2342 736 2374 775
757 2352 786 2374 ν.
808 2341 839 2374 3.
862 2342 925 2374 794
945 2352 973 2372 v.
998 2342 1027 2374 1.
1051 2341 1130 2374 1117
1153 2352 1180 2373 v.
1197 2341 1248 2373 42.
1263 2340 1360 2373 ——·H.
1375 2341 1398 2373 f.
1420 2340 1491 2381 237,
1505 2340 1606 2383 Hipp.

170 2392 246 2434 424,
266 2391 297 2425 J.
318 2392 357 2425 A.
377 2392 451 2430 983,
470 2392 541 2426 Jon.
561 2392 632 2434 642,
654 2392 742 2435 Cycl.
763 2392 835 2435 332,
858 2393 940 2426 Med.
966 2393 1038 2435 242,
1060 2392 1114 2427 Or.
1129 2393 1200 2426 236.
1224 2392 1314 2435 1523,
1335 2392 1387 2426 Tr.
1409 2393 1480 2434 647,
1501 2393 1606 2435 fragg.

175 2445 235 2477 162
256 2455 285 2477 v.
308 2445 336 2476 2.
359 2444 430 2476 277.
452 2445 523 2477 345.
546 2445 609 2477 346
629 2456 659 2477 v.
682 2446 731 2477 17.
752 2445 824 2477 409.
848 2446 916 2477 522.
940 2445 1010 2478 523.
1038 2445 1110 2478 530.
1139 2445 1208 2477 550.
1237 2445 1309 2477 575.
1338 2445 1407 2477 666.
1437 2445 1506 2477 709.
1534 2445 1607 2478 734.

168 2496 236 2529 736
257 2507 287 2530 v.
308 2496 338 2528 4.
361 2495 422 2528 739
443 2506 472 2529 v.
495 2495 515 2528 2
548 2497 620 2530 797.
641 2496 704 2530 814
723 2508 752 2529 v.
774 2497 804 2529 2.
827 2496 899 2529 894.
920 2496 980 2529 901
1003 2507 1032 2529 v.
1054 2496 1085 2529 4.
1107 2507 1135 2528 v.
1159 2497 1188 2529 7.
1210 2496 1282 2529 940.

279 2548 306 2589 ²)
327 2547 374 2582 cf.
395 2547 603 2581 Kuehnerum
625 2548 727 2588 (Ausi.
750 2548 806 2583 Gr.
829 2548 938 2582 Gram.
960 2559 990 2591 p.
1013 2548 1098 2590 205).

278 2600 302 2640 ³)
325 2598 481 2633 Actiones
503 2600 670 2633 verborum
691 2601 726 2634 in
747 2601 870 2643 protasi
891 2603 924 2634 et
945 2600 1075 2643 apodosi
1097 2603 1377 2643 contemporaneae
1399 2602 1485 2632 sunt.

1356 2654 1376 2685 4
