1815 3047
771 117 1031 157 -6-2...

177 228 427 269 distinctius
486 228 769 281 exprimitur,
821 228 1073 283 Aeschylus
1131 229 1242 271 locis
1289 227 1361 268 XV
1403 226 1619 277 futurum,

179 294 275 336 VIII
312 296 439 346 coni„
477 294 720 349 Sophocles
763 296 873 339 locc.
922 296 1053 337 XLVI
1085 296 1178 347 fut„
1209 296 1280 337 LV
1318 296 1442 346 coni,
1485 294 1618 337 Euri-

174 362 301 416 pides
339 362 448 404 locc.
493 361 661 402 XCVIII
700 362 793 415 fut„
838 362 1073 404 CLXXVIII
1119 364 1230 406 coni.
1275 364 1618 417 usurpaverunt,

176 443 280 472 cum
324 431 372 472 in
417 432 615 473 oratione
660 432 807 473 soluta
850 434 893 473 et
942 426 1063 485 apud
1106 430 1474 484 Aristophanem·
1502 431 1617 473 coni.

173 498 507 551 praeponderet.
584 498 653 539 De
702 498 1000 552 Aristophane
1048 498 1161 539 nihil
1212 497 1336 539 aliud
1383 499 1619 551 expectan-

176 565 285 606 dum
323 567 400 616 est,
439 566 603 619 quippe
641 566 768 608 cuius
806 578 951 608 sermo
988 566 1122 618 longe
1157 565 1370 609 humilior
1404 567 1447 607 et
1473 566 1620 608 abiec-

174 634 264 674 tior
291 633 348 673 sit
375 644 513 684 quam
539 633 824 684 tragicorum.
872 632 962 675 Sed
986 633 1093 675 Eur.
1122 634 1257 675 etiam
1289 633 1399 674 coni.
1427 632 1620 674 multum

174 700 394 753 praetulit.
441 700 512 742 Ex
540 713 628 754 quo
657 703 840 754 apparet
866 700 998 743 huius
1020 703 1176 755 poetae
1193 712 1329 755 quam
1345 700 1620 753 tragicorum

177 770 426 808 ceterorum
471 780 722 809 sermonem
766 769 917 821 paullo
962 769 1221 809 similiorem
1264 780 1359 809 esse
1402 768 1617 820 populari.

175 834 516 888 Nonnunquam
559 835 637 877 fut.
682 838 725 877 et
769 837 880 878 coni.
920 836 968 878 in
1005 836 1164 878 eadem
1203 835 1386 889 periodo
1427 836 1615 876 exstant

177 901 241 943 Cf.
283 901 618 953 Goodwinium,
657 904 735 956 qui
779 903 982 956 exempla
1027 903 1163 945 affert.
1236 902 1468 956 Optativus
1510 914 1618 943 con-

175 969 374 1010 iunctivo
420 969 670 1022 respondet,
709 970 801 1020 sed,
838 972 889 1011 ut
924 982 1061 1023 supra
1098 970 1268 1012 dictum
1305 972 1381 1021 est,
1424 969 1502 1011 illo
1546 982 1618 1011 res

175 1036 327 1077 futura
353 1036 531 1087 longius
558 1038 822 1078 removetur.
875 1037 930 1078 In
958 1038 1196 1079 enuntiatis
1224 1036 1618 1088 condicionalibus‚

176 1103 263 1145 hoc
289 1106 356 1145 est
382 1103 671 1155 secundariis,
680 1106 707 1153 1)
735 1100 772 1143 εἰ
800 1104 1046 1155 adhibetur,
1075 1105 1196 1158 quod
1222 1105 1340 1146 unde
1373 1107 1519 1146 ortum
1549 1106 1619 1156 sit,

175 1182 268 1211 non
304 1171 412 1211 satis
456 1172 639 1212 constat.
648 1171 684 1222 2)
760 1171 1036 1213 Crediderim
1078 1171 1360 1213 Ludovicum
1396 1171 1620 1224 Langium

178 1240 297 1280 recte
327 1238 505 1289 dixisse,
514 1239 544 1288 ³)
573 1235 610 1278 εἰ
637 1240 681 1280 et
707 1235 754 1277 αἶ
779 1239 1021 1292 particulas
1049 1239 1215 1281 similes
1243 1240 1619 1282 interiectionibus

182 1317 279 1346 esse
306 1305 503 1356 idoneas,
531 1306 694 1358 quibus
721 1318 793 1346 res
821 1308 995 1358 optatae
1023 1309 1066 1347 et
1097 1318 1167 1347 res
1201 1309 1454 1359 assumptae
1479 1306 1619 1346 intro-

179 1373 413 1423 ducantur.

284 1442 321 1490 1)
361 1437 397 1479 εὶ
437 1440 494 1481 ad
540 1453 678 1481 unam
722 1453 818 1481 rem
860 1440 1058 1482 futuram
1095 1437 1291 1495 spectatss
1337 1441 1392 1483 In
1429 1441 1619 1494 apodosi

175 1508 437 1561 plerumque
471 1509 693 1561 optativus
727 1521 830 1550 cum
862 1502 911 1547 ἅν
945 1511 1089 1550 exstat
1126 1510 1286 1558 (rarius
1317 1509 1617 1560 indicativus),

175 1576 222 1616 in
249 1576 418 1628 protasi
445 1571 482 1617 εἰ
506 1588 542 1615 c.
573 1578 657 1628 opt.
686 1576 921 1616 invenitur.
960 1576 1197 1617 Nonnullis
1224 1577 1334 1617 locis
1360 1576 1465 1617 Eur.
1486 1576 1616 1617 codd.

177 1636 229 1680 ἄν
255 1643 302 1683 in
329 1644 440 1694 prot.
470 1643 696 1694 praebent.

284 1720 337 1759 In
367 1720 482 1759 And.
513 1719 676 1760 chorus
704 1732 846 1771 genus
872 1721 1020 1761 nobile
1046 1721 1256 1762 laudibus
1284 1722 1416 1761 effert.

368 1798 445 1837 770
498 1792 540 1836 εἴ
561 1811 602 1836 τι
629 1794 705 1848 γὰρ
731 1792 886 1847 πάσχοι
912 1812 974 1844 τις
1000 1789 1210 1851 ἀμήχανον,
1241 1791 1371 1844 ἀλκᾶς

502 1856 548 1902 οὗ
576 1860 727 1910 σπάνις
754 1858 982 1915 εὐγενέταις.

281 1937 355 1992 γὰρ
383 1936 431 1979 ἄν
458 1942 505 1983 in
531 1941 660 1984 libris
688 1944 842 1994 exstat,
871 1936 924 1981 οἷν
950 1945 1067 1984 recte
1088 1944 1330 1985 omiserunt
1346 1942 1619 1994 Dindorfius,

176 2007 483 2059 Hermannus,
529 2009 853 2061 Kirchhoffius,
898 2010 1141 2051 Nauckius.
1215 2010 1278 2051 Cf.
1325 2024 1365 2051 v.
1412 2011 1620 2051 antistro-

176 2074 371 2127 phicum.

371 2145 444 2183 781
500 2135 574 2193 ἡδὺ
601 2141 674 2191 μὲν
697 2139 775 2194 γὰρ
804 2138 950 2181 αὐτίκα
976 2144 1092 2182 τοῦτο
1119 2145 1336 2195 βροτοῖσιν.

286 2230 609 2272 Andromacha
638 2232 839 2272 nondum
872 2224 1071 2283 ἀμήχανον
1107 2229 1277 2280 ἐπασχες
1316 2245 1423 2273 nam
1453 2232 1622 2273 Peleus

178 2296 244 2337 illi
272 2297 490 2338 auxilium
517 2298 608 2339 iam
635 2298 746 2340 tulit.
768 2297 986 2347 Quocirca
1013 2299 1176 2341 chorus
1193 2299 1279 2341 hoc
1298 2300 1492 2352 cogitare
1518 2300 1620 2340 tan-

284 2421 310 2462 ¹)
333 2420 380 2454 Cf.
403 2431 472 2465 cap.
494 2421 536 2459 H,
558 2422 589 2455 3.

286 2473 312 2511 ²)
334 2472 382 2506 Cf.
404 2472 602 2516 Brugmann.
623 2474 647 2507 l.
668 2475 691 2507 L
714 2486 744 2517 p.
767 2475 839 2510 232.

286 2525 313 2564 3)
333 2525 372 2558 In
394 2525 477 2558 libro
500 2536 596 2568 quem
617 2527 749 2569 scripsit
770 2527 809 2560 de
832 2525 864 2560 εἰ
883 2527 1043 2570 particula
1065 2538 1093 2560 a.
1119 2528 1210 2561 1872.
