1815 3047
787 77 1046 117 ..16-

206 201 210 204 ’
248 190 345 231 Hel.
373 193 449 231 865
503 183 601 241 ἡγοῦ
626 185 676 229 σύ
701 204 773 240 μοι
798 189 977 243 φέρουσα
1004 187 1252 244 λαμπτήρων
1278 191 1397 237 σέλας

500 253 619 296 θείου
646 255 691 296 δὲ
717 253 859 308 σεμνὸν
884 254 1043 309 θεσμὸν
1068 255 1238 310 αἰθέρος
1262 257 1396 309 μυχόν,

497 338 553 370 ως
578 325 736 376 πνεῦμα
762 322 950 377 καθαρὸν
976 325 1142 377 οὐρανοῦ
1166 322 1392 377 δεξώμεθα.

296 423 350 463 Ι11
378 436 418 463 v.
439 425 516 464 866
545 424 795 467 Hermanni
822 426 1076 473 coniectura
1099 425 1363 478 probabilia,
1392 438 1528 479 quam
1554 425 1634 468 ad-

194 490 363 542 optavit
399 489 646 543 Nauckius,
690 491 789 533 loco
834 491 1080 545 scripturae
1124 491 1222 533 cod.
1248 492 1366 531 θεῖον
1408 490 1453 531 δὲ
1490 492 1637 543 σεμνοῦ

191 553 348 605 θεσμὸν
375 554 545 607 αιθέρος
580 557 722 606 μυχῶν,
755 560 934 610 recepta
966 560 1043 599 est.
1101 558 1260 607 Sumere
1285 571 1432 609 purya,
1456 563 1633 600 sanctam

194 623 315 671 leaem
333 624 549 674 observans,
566 636 715 665 omnem
732 624 939 675 aethera&
986 623 1040 665 V.
1054 626 1129 666 867
1150 620 1375 675 δεξαίμεθα
1394 625 1451 667 ab
1470 623 1633 668 Schne-

192 690 286 731 fero
314 691 361 730 in
388 686 598 739 δεξώμεθα
624 693 743 732 recte
760 693 982 732 mutatum
1000 694 1076 741 est,
1099 695 1150 732 ut
1173 691 1293 744 quod
1310 693 1465 744 poetae
1483 691 1632 733 Attico

193 757 270 797 vix
299 756 584 799 condonetur.

299 844 420 896 Cycl.
453 847 526 885 131
556 839 657 884 οἶσθ
684 836 754 884 οὖν
780 839 804 884 ὃ
829 846 988 897 δρᾶσον,
1016 839 1071 892 ὥς
1097 840 1334 896 ἆπαίρωμεν
1357 845 1520 894 ,mamm

299 931 399 974 Hac
425 932 473 974 111
511 934 735 975 structura
771 933 1018 975 secundum
1055 946 1188 975 usum
1223 936 1455 987 poetarum
1493 934 1632 976 sceni-

195 1012 351 1040 corum
388 1000 677 1060 imporafivus
716 1012 849 1053 quem
888 1000 1106 1042 Canterus
1144 1001 1280 1043 scribi
1316 1000 1504 1051 volebat,
1541 1012 1633 1041 non

195 1066 316 1118 quod
343 1067 390 1107 in
416 1066 543 1108 libris
569 1066 655 1108 hoc
681 1066 780 1108 loco
807 1066 971 1119 legitur
995 1067 1196 1109 futurum
1221 1063 1390 1119 δράσεις,
1419 1080 1447 1108 a
1470 1067 1635 1109 Kirch-

193 1133 332 1174 hoffio
366 1136 410 1175 et
435 1133 646 1175 Nauckio
668 1136 874 1187 receptus
914 1136 991 1176 est.
1047 1134 1136 1177 Sed
1162 1134 1448 1176 Hcrmannus
1474 1130 1636 1183 δράσεις

193 1202 386 1241 retinuit.

299 1278 443 1320 Locos
467 1279 705 1320 nonnunos
724 1280 803 1320 ubi
828 1279 940 1320 haec
957 1281 1098 1321 verba
1124 1281 1409 1320 inveniuntur
1437 1279 1633 1320 afferam.

300 1356 408 1398 Hec.
436 1359 514 1398 225
542 1351 644 1396 οἶσθ
671 1348 740 1396 οὖν
765 1349 789 1397 ὃ
815 1356 982 1408 δρᾶσον,·
1018 1358 1072 1399 111
1090 1359 1402 1411 manuscriptis
1421 1360 1464 1399 et
1489 1357 1636 1407 δρᾶσον

195 1427 237 1464 et
263 1420 425 1473 δράσεις
450 1425 671 1476 leguntur.

300 1501 432 1544 Herc.
459 1502 488 1544 f.
543 1494 661 1542 οἶσθ’
691 1495 715 1542 ὅ
740 1516 812 1552 μοι
839 1498 1089 1555 σύμπραξονς

299 1571 339 1610 J.
367 1570 412 1609 T.
443 1571 543 1609 1203
625 1564 754 1607 οἶσθά
780 1583 847 1608 νυν
873 1564 902 1607 ἅ
927 1583 999 1618 μοι
1025 1567 1222 1620 γενέσθως

302 1636 436 1689 Soph.
465 1636 515 1678 Ο.
542 1637 587 1677 Τ.
617 1638 693 1678 543
748 1628 864 1675 οἶσθ’
894 1630 948 1683 ὡς
973 1632 1152 1688 πόησον;

300 1704 379 1745 Ar.
407 1704 491 1745 Av.
522 1706 573 1744 54
622 1696 737 1742 Ἀλλ’
768 1695 883 1744 οἶσθ’
914 1696 937 1742 3
962 1703 1125 1755 δρᾶσονς

301 1787 513 1828 Formam
539 1782 700 1838 δράσεις
725 1788 771 1828 111
801 1786 922 1840 Cycl.
954 1789 1024 1828 131
1065 1787 1375 1839 corrigendam
1411 1798 1507 1828 8888
1539 1787 1636 1828 veri

198 1855 342 1896 simile
370 1856 446 1896 est.

329 1960 371 2009 β)
400 1958 618 1999 Praesens
645 1958 876 2000 indicativi
902 1950 957 2005 ὡς
981 1958 1218 2012 praecedit.

356 2047 455 2088 Alc.
484 2050 536 2086 74
563 2043 704 2094 στείχω
730 2039 844 2084 δ’ἐπ’
875 2039 1008 2099 αὐτήν,
1037 2040 1092 2092 ὧς
1116 2041 1377 2097 κατάρξωμαι
1404 2042 1525 2097 ξίφει.

304 2135 562 2178 Macrobius
600 2134 706 2183 (Sat.
746 2134 801 2186 V,
839 2138 899 2187 19,
927 2136 981 2187 4),
1021 2135 1098 2189 qui
1134 2134 1253 2177 hunc
1290 2134 1440 2177 locum
1479 2134 1637 2185 attulit,

307 2281 333 2320 ι)
356 2279 410 2314 Sic
431 2280 531 2314 vortit
550 2280 774 2316 Hei-mannus.
802 2280 859 2324 qui
879 2280 915 2314 in
936 2280 1143 2314 adnotatione
1169 2279 1212 2313 nd
1237 2279 1324 2313 huno
1343 2279 1448 2313 10811111
1467 2279 1554 2313 inter
1574 2277 1639 2311 alin

200 2335 280 2367 haec
301 2334 449 2375 scripsit:
472 2332 688 2375 „Saepissime
709 2333 886 2366 vicinorum
906 2333 1076 2366 verborum
1091 2332 1333 2365 terminatione·
1347 2332 1584 2374 permutatum.
1599 2332 1639 2362 ut

201 2385 354 2419 facillima
374 2385 474 2418 fuerit
487 2385 529 2418 ab
544 2385 649 2419 θείου
664 2381 797 2427 σεμνὸν
817 2384 981 2418 aberratio
994 2383 1037 2417 ad
1050 2385 1155 2418 θεῖον
1171 2382 1312 2431 σεμνοῦ.
1332 2377 1518 2417 Amavi
1529 2382 1638 2415 autam

204 2434 337 2472 σεηνὸν
358 2434 500 2478 θεσμόν
522 2436 641 2470 adiecti
667 2438 755 2475 sunt,
777 2437 856 2480 quia
885 2437 921 2470 in
951 2436 1141 2480 imperativo
1166 2436 1270 2470 θείου
1298 2435 1383 2469 illud
1413 2434 1509 2474 ineat,
1540 2433 1639 2477 imple

203 2490 342 2530 legem.“
387 2488 437 2522 Cf.
458 2489 557 2522 etiam
574 2488 742 2521 Plutarchi
763 2488 883 2521 librum
906 2488 963 2530 qui
984 2490 1035 2521 est
1057 2488 1096 2521 de
1116 2487 1207 2520 Jside
1228 2489 1262 2520 et
1281 2486 1410 2520 Osiride
1431 2495 1499 2528 cap.
1520 2485 1572 2518 80.
