1815 3068
758 151 1017 190 —27-

275 261 453 303 Heracl.
483 262 559 302 336
611 254 718 308 τάξω
744 255 783 300 δ’
813 255 926 308 ὅπως
951 255 1001 300 ἂν
1025 258 1095 301 τὸν
1121 257 1371 315 Μυκηναίων
1397 257 1568 312 στρατὸν

610 327 745 380 πολλῇ
770 324 947 377 δέχωμαι
971 325 1084 380 χειρί.

279 413 492 457 Condicio
509 415 742 457 indefinita
752 416 901 457 animo
918 415 1137 469 loquentis
1157 417 1430 458 obversatur.
1460 415 1610 457 Locus

174 482 333 562 similis
359 484 426 523 est
449 482 567 524 Med
596 485 672 525 939
691 495 754 536 sq.

422 560 570 608 παῖδες
595 553 634 600 δ’
664 553 777 607 ὅπως
803 575 853 599 αν
877 558 1107 612 ἕκτραφῶσι
1134 560 1187 612 σῇ
1210 556 1304 611 χερί,

421 625 538 668 αἰτοῦ
563 625 743 680 Κρέοντα
769 627 882 681 τήνδε
906 628 962 680 μὴ
988 627 1146 680 φεύγειν
1169 623 1311 676 χθόνα.

275 717 328 757 In
356 717 488 769 Hipp.
521 720 596 758 110
728 702 731 704 ι
969 714 1041 755 καὶ
1065 711 1315 768 καταψήχειν
1339 712 1461 766 χρεών

607 782 774 832 ἵππους,
802 776 915 830 ὅπως
942 775 993 821 ἷίν
1019 776 1171 834 ἅρμασι
1197 778 1333 831 ζεύξας
1358 775 1441 821 ῧπο

607 849 731 900 βορᾶς
755 847 963 900 κορεσθεὶς
988 845 1173 900 γυμνάσω
1198 846 1248 888 τὸ
1277 845 1506 901 πρόσφορα,

172 937 456 990 participium
483 950 585 979 oum
618 931 668 975 ἄν
692 938 912 991 particula
938 938 1190 991 copulatum
1228 937 1349 978 idem
1387 937 1612 988 significat

175 1004 296 1058 quod
322 1005 564 1046 enuntiatio
590 1005 847 1085 temporalis,
874 1005 947 1082 vel
973 1005 1302 1086 {OnfifissiOPaflsg

174 1133 286 1186 ὅπως
330 1133 379 1177 ἶίν
414 1140 507 1180 vim
543 1139 776 1181 relativam
812 1140 947 1182 habet
989 1140 1317 1193 significamus:
1364 1139 1611 1193 quomodo-

174 1219 359 1259 cunque.

225 1294 278 1335 In
305 1294 388 1335 Rh.
419 1297 495 1335 878
746 1288 903 1346 ἷίγοντες
929 1288 967 1334 δ’
998 1291 1115 1334 αὐτὸν
1141 1292 1199 1339 εἷς
1224 1289 1371 1344 δόμους
1398 1292 1527 1345 ἐμούς,

500 1355 624 1408 οὕτως
650 1355 763 1408 ὅπως
789 1356 839 1400 ἂν
863 1363 918 1414 μὴ
942 1355 1085 1414 ’γκαλῇ
1111 1358 1339 1413 πορσύνετε,

175 1450 243 1490 vis
270 1451 313 1490 et
337 1449 484 1490 finalis
512 1452 555 1490 et
580 1450 767 1491 relativa
791 1451 1064 1503 perspicitur.

275 1526 343 1568 De
371 1526 662 1579 explicat-lone
688 1527 933 1580 particulae
960 1521 1010 1566 ἶίν
1037 1528 1090 1569 ef.
1121 1540 1257 1581 supra
1284 1528 1342 1569 ad
1368 1527 1500 1580 Hipp.
1521 1530 1609 1568 110.

275 1604 351 1645 Ad
375 1589 542 1645 Phoen.
562 1606 639 1645 753
692 1598 783 1643 ἀλλ’
804 1598 902 1654 εἶμ’,
933 1599 1044 1652 ὅπως
1071 1599 1120 1644 ἂν
1139 1602 1200 1658 μὴ
1227 1605 1484 1657 καταργῶμεν
1498 1602 1610 1655 χέρα,

173 1671 226 1712 ef.
256 1683 392 1724 supra
419 1671 479 1712 ad
502 1671 679 1713 Heracl.
708 1674 796 1713 836.

424 1764 473 1816 g)
501 1777 529 1805 a
553 1760 609 1816 μή
635 1766 864 1817 particula.

280 1840 395 1883 Cum
422 1841 489 1880 ἵνα
515 1837 583 1894 μή,
611 1835 665 1888 ὥς
689 1837 755 1895 μή,
783 1835 896 1889 ὅπως
920 1837 995 1894 μή,
1023 1845 1118 1884 tum
1144 1838 1201 1895 μή
1228 1843 1373 1884 solum
1398 1844 1446 1884 in
1472 1855 1610 1884 enun-

173 1910 293 1951 tiatis
345 1909 555 1950 finalibus
605 1910 823 1961 negativis
874 1912 1157 1963 usurpantur.
1235 1910 1340 1951 Non
1393 1910 1613 1951 assentior

173 1976 471 2018 Delbrueckio
513 1977 695 2029 neganti
703 1977 735 2027 ¹)
784 1988 880 2018 esse
922 1989 1080 2019 revera
1122 1977 1305 2018 finalem
1348 1977 1611 2018 sententiam

176 2044 561 2086 coniunctionibus
588 2044 668 2095 ἵνα,
696 2037 760 2093 ὥς,
789 2037 902 2092 ὅπως
928 2058 1018 2086 non
1044 2045 1265 2098 praefixis.
1320 2045 1403 2087 Ine
1430 2045 1611 2098 quidem

175 2112 288 2154 bene
327 2111 455 2153 docet
491 2111 573 2152 has
611 2124 707 2153 esse
745 2113 1065 2154 enuntiationes
1092 2114 1297 2165 primitus
1323 2112 1505 2162 liberas,
1533 2113 1612 2153 ubi

174 2178 278 2220 illae
305 2179 636 2221 coniunctiones
677 2179 822 2221 desint
830 2179 882 2231 ²);
917 2180 997 2221 sed
1028 2180 1115 2221 nisi
1147 2180 1467 2221 enuntiationes
1493 2180 1611 2232 posi-

174 2246 293 2287 tivae
320 2246 558 2299 requisitae
596 2248 754 2297 essent,
792 2246 982 2288 alterum
1018 2247 1328 2299 negativarum
1354 2258 1493 2298 genus
1520 2258 1611 2287 non

174 2314 404 2355 inventum
431 2314 556 2354 esset.
602 2312 874 2354 Particulam
900 2309 956 2366 μή
984 2326 1037 2355 ex
1065 2314 1289 2355 enuntiato
1309 2313 1429 2366 quod
1446 2313 1612 2365 prima-

284 2450 294 2468 1

283 2447 818 2542 gklgjffihfllvffllhssjuloeoud
847 2511 893 2541 με
925 2500 1021 2542 κίχῃ,
1054 2500 1164 2533 λείπω
1196 2498 1334 2542 στέγην,
1366 2500 1424 2532 ubi
1456 2497 1612 2542 μὴ-κίχῃ

175 2552 316 2596 primum
338 2551 540 2585 'enuntiatum
561 2551 750 2595 primarium
770 2552 842 2589 fuit,
865 2552 921 2585 sed
944 2551 1058 2585 deinde
1079 2551 1303 2585 secundarium
1323 2551 1446 2584 factum
1468 2553 1527 2584 est.
