1815 3068
783 182 1041 220 ...11-

295 285 500 345 adamae',
528 286 583 340 ὥς
607 290 653 344 γέ
677 304 777 345 φησι
805 287 979 341 Κάλχας,
1007 292 1073 331 ἳνα
1099 288 1317 345 πορεύηται
1346 288 1524 344 στρατός.

302 386 456 429 Verba
472 382 524 425 τὰ
543 380 747 438 ἐπάγοντα
765 367 884 438 (ἐστι’)
904 399 958 428 ex
972 400 1012 428 v.
1024 387 1304 440 praecedenti
1323 387 1633 430 subaudienda
1656 404 1668 414 x

200 438 354 489 sunt1).
432 450 435 454 ’

384 526 423 578 y)
451 526 671 568 Futurum
692 514 744 567 ¹in
770 536 835 567 en.
861 525 1002 568 libero
1030 528 1183 567 exstat.

300 613 450 655 Etiam
477 614 562 655 hac
587 615 635 655 in
663 614 886 660 structura
910 625 981 654 res
1007 614 1158 654 futura
1182 615 1362 666 propior
1383 615 1628 667 respicitur.

199 681 300 723 Duo
327 682 415 723 loci
440 682 743 723 inveniuntur:
774 679 908 735 Hipp.
937 683 1013 722 729
1041 682 1085 722 et
1108 680 1204 735 Iph.
1232 681 1286 722 A.
1320 683 1430 723 1168.

382 789 421 839 ὁ)
459 789 711 830 Perfectum
737 789 969 830 indicativi
993 788 1061 827 ἵνα
1088 790 1322 842 praecedit.

229 872 326 914 Hel.
356 874 431 913 982
484 872 641 911 κτανεῖν
665 869 852 911 δέδοκται
878 864 987 924 τήνδ’
1018 870 1109 921 ἐμοὶ
1134 865 1302 911 κᾶπειτ’
1323 869 1421 921 ἐμὸν

508 934 615 989 πρᾶς
640 928 753 989 ἧπαρ
780 929 887 976 ὦσαι
913 935 1102 987 δίστομον
1129 935 1244 989 ξίφος
1269 934 1358 977 τόδε

507 1000 659 1056 τύμβου
686 997 761 1044 ’πὶ
787 1002 929 1052 νώτοις
954 997 1079 1055 τοῦδ’,
1106 997 1159 1043 ἵν’
1176 998 1349 1055 αἵματος
1375 1003 1468 1057 ῥοαὶ

510 1068 646 1124 τάφου
671 1068 969 1121 καταστάζωσι.

302 1160 389 1202 Hic
417 1161 484 1202 vis
513 1162 796 1203 consecutiva
820 1161 1064 1215 particulae
1090 1161 1220 1203 facile
1246 1162 1521 1215 perspicitur.

382 1254 419 1304 ε)
458 1253 525 1291 ἵνα
553 1254 883 1306 conjunctivum
910 1254 1249 1295 deliberativum
1275 1256 1483 1307 sequitur.

302 1331 418 1372 And.
449 1333 525 1373 848

497 1398 580 1436 ποῦ
606 1391 644 1436 δ’
674 1395 732 1444 εἷς
757 1397 909 1449 πέτρας
936 1392 1078 1448 ἅερθῶ

498 1458 527 1517 ’ἢ
551 1460 657 1504 κατὰ
683 1459 834 1505 πόντον
859 1458 886 1517 ἢ
911 1458 1015 1504 καθ’
1045 1458 1154 1517 {stam
1170 1457 1300 1517 ἐρέων,

498 1532 565 1571 ἵνα
592 1533 778 1572 θανοῦσα
806 1531 1044 1584 νερτέροισιν
1069 1530 1238 1583 μέλω;ἳ)

302 1620 436 1663 Hunc
464 1622 731 1665 coniunctivi
758 1634 892 1664 usum
918 1634 946 1663 a
970 1603 1119 1663 fiituro
1134 1635 1227 1667 non
1245 1622 1437 1664 multum
1455 1621 1632 1664 differre

199 1700 250 1729 eo
274 1687 618 1751 demonstratur,
647 1689 767 1742 quod
792 1689 992 1730 futurum
1017 1689 1116 1730 loco
1143 1689 1411 1730 illiuslmodi
1428 1702 1632 1730 nonnun-

200 1763 336 1809 quam
362 1755 614 1806 adhibetur3
642 1768 678 1797 e.
698 1767 738 1807 g.
767 1756 815 1797 in
841 1755 909 1797 El.
930 1758 1018 1797 967.

308 1844 386 1882 ΟΡ.
439 1840 481 1882 τί
507 1843 609 1895 δῆτα
636 1844 786 1894 ὁρῶμεν
811 1837 967 1896 μητέρ’,·
994 1836 1021 1896 ἦ
1047 1840 1306 1896 φονεύσομεν,-

306 1931 500 1973 Metrum
528 1933 673 1973 obstat
699 1933 936 1985 quominus
966 1928 1215 1984 φονεύσωμεν
1242 1933 1427 1984 legatur.

304 2018 453 2060 Etiam
478 2019 527 2060 in
551 2018 783 2073 Hippolyti
807 2032 850 2066 v.
882 2022 998 2061 1066:

303 2103 381 2142 ποῖ
407 2095 506 2155 δῆθ’
538 2095 560 2142 ὃ
585 2098 745 2156 τλήμων
770 2101 996 2155 τρέψομαι,-

306 2170 406 2212 Jon.
436 2173 513 2212 758
540 2166 716 2221 εἴπωμεν
741 2164 769 2224 ἢ
796 2171 985 2223 σιγῶμεν,·
1011 2164 1038 2223 ἢ
1064 2167 1106 2210 τί
1132 2167 1385 2222 δράσομενςθ)

307 2274 348 2326 η)
386 2273 541 2316 Restat
576 2277 626 2316 ut
662 2275 761 2326 loci,
793 2276 873 2317 ubi
910 2276 1138 2317 enuntiata
1175 2276 1400 2328 primaria,
1446 2287 1637 2328 quorum

204 2339 427 2384 sententia
448 2344 515 2383 est
539 2342 656 2382 τοῦτο
682 2339 783 2394 λέγω
801 2342 874 2384 vel
901 2343 1040 2385 verba
1058 2342 1222 2384 similia
1248 2344 1573 2384 enumerentur.

305 2488 335 2530 .¹)
357 2487 463 2522 Ceteri
483 2488 547 2522 loci
567 2491 645 2523 nunt
665 2489 714 2523 hi:
736 2489 811 2523 Hel.
835 2490 886 2524 65.
907 2489 979 2531 883,
1000 2489 1043 2522 Η.
1065 2489 1086 2521 f.
1108 2488 1181 2522 328.

310 2541 336 2581 ²)
357 2540 450 2574 Alter
470 2540 560 2575 locus
581 2543 632 2575 eet
652 2541 736 2575 And.
760 2542 829 2575 199.

310 2593 337 2632 ³)
360 2592 407 2627 Cf.
429 2594 484 2626 Ar.
506 2593 647 2627 Acharn.
669 2593 742 2636 312,
764 2594 847 2627 Plat.
872 2593 967 2635 Gorg.
988 2604 1019 2636 p.
1041 2593 1102 2626 505
1123 2593 1144 2625 b
1166 2594 1200 2626 et
1222 2593 1262 2625 al.
