1815 3047
772 176 1028 214 —44-

179 286 316 337 αλγιῦ).
346 289 433 337 306,
484 286 557 327 Or.
582 290 693 336 1257,
739 286 818 326 Ph.
851 289 963 337 1594,
1014 287 1066 327 fr.
1097 290 1172 327 575
1200 301 1240 327 v.
1262 290 1286 328 8
1325 286 1512 336 (λυποῦσι
1549 282 1617 324 τὸν

177 349 363 406 φύσαντα
390 350 445 406 μὴ
473 349 651 392 πάθωσί
677 355 745 404 τι).

231 432 302 472 Or.
334 435 410 472 790
442 433 518 470 ΟΡ.
547 427 655 470 κεῖνό
681 445 752 480 μοι
779 428 900 481 μόνον
934 428 1168 483 πρόσαντες.
1224 435 1270 469 Π
1275 434 1318 470 Υ.
1347 428 1388 470 τί
1414 428 1504 471 τόδε
1530 445 1615 469 και·

1250 495 1319 537 νόν
1346 490 1397 537 αὖ
1424 497 1566 549 λέγεις,-

444 567 521 604 ΟΡ.
549 562 605 617 μὴ
634 562 735 604 θεαί
753 563 798 615 μ’
831 562 976 617 οἴστρῳ
1003 559 1242 613 κατάσχωσ’.

282 652 448 694 Sensus
477 655 559 694 est:
588 654 691 694 illud
715 654 813 694 mihi
838 658 981 694 metum
1008 653 1135 703 affert,
1162 667 1208 693 ne
1235 655 1313 695 etc.
1369 653 1534 694 Dubito
1560 666 1618 693 an

175 719 258 760 Rh.
290 723 366 761 864
393 720 466 761 hic
494 720 643 762 locum
670 720 849 762 habeat:

255 800 332 839 863
386 796 551 837 δέδοικα
580 794 617 837 δ’
650 792 770 837 αἰτόν
797 795 868 837 καί
894 795 936 836 τί
953 813 1030 848 μου
1057 794 1233 849 θράσσει
1261 795 1419 850 φρένας,

387 862 442 917 μὴ
471 864 543 904 καὶ
571 862 739 905 Δόλωνα
768 866 963 915 συντυχὼν
989 862 1231 918 κατακτάνῃ.

285 943 428 991 Ulixes,
465 944 611 995 inquit
651 943 829 993 Hector,
876 944 1003 983 Rheso
1049 945 1180 992 occiso,
1225 955 1337 990 equos
1381 944 1463 982 eius
1507 943 1617 991 cepit.

175 1009 233 1047 Et
278 1011 428 1058 quidem
471 1023 600 1049 vereor
644 1023 691 1049 ne
731 1011 922 1049 Dolonem
967 1012 1081 1050 etiam
1130 1011 1321 1050 occiderit.
1395 1008 1458 1050 Cf.
1502 1008 1616 1048 Mat·

174 1075 373 1117 thiaeum
401 1079 444 1117 et
469 1076 729 1118 Nauckium
757 1077 816 1118 ad
843 1077 884 1118 h.
905 1077 932 1117 l.
962 1073 1191 1129 κατακτάνῃ
1221 1076 1467 1117 secundum
1485 1087 1617 1116 usum

173 1142 477 1191 Homericum,
516 1154 606 1184 non
644 1145 911 1196 scriptorum
938 1145 1202 1194 Atticorum,
1246 1143 1424 1184 defendi
1461 1145 1612 1195 potest.

177 1210 240 1251 Cf.
271 1210 321 1250 Il.
351 1211 404 1250 A.
436 1213 511 1251 555
566 1207 745 1249 δείδοικα
784 1207 889 1248 κατὰ
929 1208 1072 1262 φρένα,
1111 1206 1167 1262 μή
1196 1223 1240 1248 σε
1276 1206 1471 1261 παρείπῃ.
1516 1208 1617 1259 (Ich

173 1277 361 1328 ffirchte,
390 1289 437 1318 es
465 1278 617 1319 werde
646 1278 742 1320 sich
769 1278 1102 1329 herausstellen,
1132 1278 1236 1319 dass
1264 1278 1326 1318 sie
1355 1277 1467 1319 dich'
1484 1277 1616 1318 iiber-

173 1345 352 1394 redete),
372 1346 451 1385 ubi
477 1347 567 1384 toto
597 1346 725 1397 quasi
746 1348 952 1385 contextu
972 1346 1182 1385 orationis
1210 1357 1307 1385 rem
1333 1345 1617 1396 praeteritam

173 1412 334 1463 respici
362 1412 649 1462 significatur.
705 1412 843 1452 Attici
862 1425 968 1452 vero
989 1413 1099 1452 coni.
1120 1412 1301 1464 perfecti
1328 1411 1614 1464 usurpabant,

173 1481 223 1519 ut
249 1478 367 1520 hanc
395 1479 622 1520 notionem
640 1479 948 1532 exprimerent.
1004 1479 1372 1521 Concludendum
1397 1479 1533 1530 igitur
1551 1478 1617 1518 est

175 1549 252 1585 aut
289 1547 551 1598 scriptorem
588 1546 726 1586 Rhesi
763 1558 895 1586 usum
923 1546 1213 1587 Homericum
1249 1546 1470 1586 imitatum
1508 1556 1615 1594 esse,

174 1616 252 1653 aut
289 1608 519 1665 κατακτάνῃ
567 1615 613 1654 in
653 1611 889 1652 κατέκτανεν
927 1626 1030 1654 011111
1067 1612 1308 1654 Matthiaeo
1342 1615 1385 1654 et
1409 1612 1615 1653 Nauckio

172 1681 439 1721 mutandum
468 1693 575 1721 esse.

280 1758 560 1799 Crediderim
589 1758 859 1812 scripturam
887 1758 1013 1800 codd.
1044 1757 1324 1800 retinendam
1352 1769 1457 1799 esse.

489 1845 523 1882 3.
555 1842 677 1883 Coni.
707 1843 889 1894 perfecti
916 1843 1095 1894 legitur:
1150 1842 1266 1883 And.
1301 1845 1384 1882 145.

414 1909 459 1959 β)
487 1909 764 1950 Indicativus
792 1910 974 1962 perfecti
1000 1905 1057 1960 μή
1085 1909 1320 1962 praecedit.

491 1985 523 2021 1.
554 1981 677 2022 Coni.
707 1982 951 2033 praesentis
978 1981 1153 2033 legitur.

225 2049 291 2088 El.
324 2051 399 2089 568
445 2044 580 2086 πάλαι
609 2046 785 2095 δέδοικα,
813 2045 868 2099 μὴ
898 2044 946 2086 σύ
974 2041 1010 2099 γ’
1042 2041 1166 2086 οὐκέτ’
1198 2039 1239 2086 εὖ
1267 2048 1426 2099 φρονῇς.

275 2123 331 2178 μὴ
360 2118 406 2164 οὐ
434 2126 502 2174 (=
520 2139 576 2166 ne
595 2127 700 2175 non)
728 2128 828 2178 post
856 2126 1055 2166 notiones
1083 2125 1268 2166 timendi
1294 2128 1469 2177 praeter
1496 2124 1614 2165 hunc

171 2193 321 2235 locum
349 2194 396 2234 in
424 2193 541 2235 And.
573 2196 647 2234 626
678 2196 721 2234 et
748 2192 912 2234 Phoen.
942 2194 1019 2235 263
1046 2193 1280 2234 invenitur.

225 2272 389 2313 Phoen.
425 2275 498 2312 155
555 2264 576 2310 ὃ
606 2270 677 2309 καὶ
705 2269 869 2310 δέδοικα
897 2268 952 2320 μὴ
981 2264 1164 2310 σκοπιῦσ’
1197 2265 1332 2321 ὀρθῶς
1359 2268 1465 2310 θεοί.

275 2349 465 2391 Accedit
491 2348 656 2390 Phoen.
687 2351 775 2389 263.

487 2441 522 2477 2.
553 2437 674 2477 Coni.
705 2438 858 2477 aoristi
884 2437 1064 2488 legitur:

275 2505 373 2546 Hel.
408 2507 519 2555 1395,
549 2504 679 2557 Hipp.
711 2507 787 2545 924
821 2504 943 2556 (libri
969 2507 1144 2557 praeter
1171 2500 1375 2556 ὑπερβάλῃ
1412 2504 1495 2545 has
1526 2503 1614 2548 for-2

169 2585 267 2613 mas
291 2573 522 2624 praebent:
551 2571 694 2621 -βάλει,
723 2568 872 2621 -βοὲλοι,
903 2569 1077 2621 -βάλλοι,
1119 2585 1173 2613 ex
1202 2573 1363 2624 quibus
1392 2584 1496 2622 aor.,
1536 2571 1614 2623 qui
