<?xml version="1.0" encoding="UTF-8"?>
<!DOCTYPE html PUBLIC "-//W3C//DTD XHTML 1.0 Transitional//EN"
    "http://www.w3.org/TR/xhtml1/DTD/xhtml1-transitional.dtd">
<html xmlns="http://www.w3.org/1999/xhtml" xml:lang="en" lang="en">
 <head>
  <title>
</title>
<meta http-equiv="Content-Type" content="text/html;charset=utf-8" />
  <meta name='ocr-system' content='tesseract 3.04.00' />
  <meta name='ocr-capabilities' content='ocr_page ocr_carea ocr_par ocr_line ocrx_word'/>
</head>
<body>
  <div class='ocr_page' id='page_1' title='image "./4771409_0064.png"; bbox 0 0 1815 3047; ppageno 0'>
   <div class='ocr_carea' id='block_1_1' title="bbox 178 123 1627 1145">
    <p class='ocr_par' dir='ltr' id='par_1_1' title="bbox 179 123 1627 499">
     <span class='ocr_line' id='line_1_1' title="bbox 777 123 1034 162; baseline 0.004 -14"><span class='ocrx_word' id='word_1_1' title='bbox 777 142 824 148; x_wconf 83' lang='grc'>-</span> <span class='ocrx_word' id='word_1_2' title='bbox 879 123 932 162; x_wconf 86' lang='lat'>54</span> <span class='ocrx_word' id='word_1_3' title='bbox 986 142 1034 149; x_wconf 84' lang='lat'>..-</span> 
     </span>
     <span class='ocr_line' id='line_1_2' title="bbox 181 234 1627 287; baseline 0.001 -13"><span class='ocrx_word' id='word_1_4' title='bbox 181 234 300 275; x_wconf 90' lang='lat' dir='ltr'>enim</span> <span class='ocrx_word' id='word_1_5' title='bbox 326 235 374 274; x_wconf 89' lang='lat' dir='ltr'>in</span> <span class='ocrx_word' id='word_1_6' title='bbox 392 234 554 275; x_wconf 82' lang='lat' dir='ltr'>Medea</span> <span class='ocrx_word' id='word_1_7' title='bbox 579 235 880 285; x_wconf 80' lang='lat' dir='ltr'>inveniuntur)</span> <span class='ocrx_word' id='word_1_8' title='bbox 899 236 1094 287; x_wconf 79' lang='lat' dir='ltr'>primum</span> <span class='ocrx_word' id='word_1_9' title='bbox 1120 236 1168 276; x_wconf 89' lang='lat' dir='ltr'>in</span> <span class='ocrx_word' id='word_1_10' title='bbox 1194 235 1395 287; x_wconf 81' lang='lat' dir='ltr'>margine</span> <span class='ocrx_word' id='word_1_11' title='bbox 1422 234 1627 286; x_wconf 77' lang='lat' dir='ltr'>scriptae,</span> 
     </span>
     <span class='ocr_line' id='line_1_3' title="bbox 179 302 970 355; baseline 0.003 -13"><span class='ocrx_word' id='word_1_12' title='bbox 179 302 334 354; x_wconf 86' lang='lat' dir='ltr'>postea</span> <span class='ocrx_word' id='word_1_13' title='bbox 360 302 407 343; x_wconf 90' lang='lat' dir='ltr'>in</span> <span class='ocrx_word' id='word_1_14' title='bbox 434 303 603 343; x_wconf 81' lang='lat' dir='ltr'>textum</span> <span class='ocrx_word' id='word_1_15' title='bbox 629 304 830 355; x_wconf 77' lang='lat' dir='ltr'>receptae</span> <span class='ocrx_word' id='word_1_16' title='bbox 857 304 970 344; x_wconf 75' lang='lat' dir='ltr'>sunt</span> 
     </span>
     <span class='ocr_line' id='line_1_4' title="bbox 236 374 1291 432; baseline -0.002 -12"><span class='ocrx_word' id='word_1_17' title='bbox 236 378 309 420; x_wconf 87' lang='lat' dir='ltr'>Or.</span> <span class='ocrx_word' id='word_1_18' title='bbox 339 381 416 420; x_wconf 87' lang='lat'>308</span> <span class='ocrx_word' id='word_1_19' title='bbox 919 374 969 432; x_wconf 77' lang='grc' dir='ltr'>ἢν</span> <span class='ocrx_word' id='word_1_20' title='bbox 995 380 1043 419; x_wconf 81' lang='grc' dir='ltr'>σὺ</span> <span class='ocrx_word' id='word_1_21' title='bbox 1069 375 1291 432; x_wconf 72' lang='grc' dir='ltr'><strong><em>κατθάνῃς,</em></strong></span> 
     </span>
     <span class='ocr_line' id='line_1_5' title="bbox 426 442 1429 499; baseline 0 -14"><span class='ocrx_word' id='word_1_22' title='bbox 426 472 429 474; x_wconf 20' lang='grc' dir='ltr'><strong>Δ</strong></span> <span class='ocrx_word' id='word_1_23' title='bbox 464 447 557 499; x_wconf 81' lang='grc' dir='ltr'><strong><em>γυνὴ</em></strong></span> <span class='ocrx_word' id='word_1_24' title='bbox 583 443 626 486; x_wconf 84' lang='grc' dir='ltr'>τί</span> <span class='ocrx_word' id='word_1_25' title='bbox 652 442 802 497; x_wconf 81' lang='grc' dir='ltr'>δράσως</span> <span class='ocrx_word' id='word_1_26' title='bbox 830 454 920 494; x_wconf 83' lang='grc' dir='ltr'>πῶς</span> <span class='ocrx_word' id='word_1_27' title='bbox 944 446 1045 499; x_wconf 85' lang='grc' dir='ltr'><strong><em>μόνη</em></strong></span> <span class='ocrx_word' id='word_1_28' title='bbox 1073 446 1317 499; x_wconf 69' lang='grc' dir='ltr'>σωθήσομαι</span> <span class='ocrx_word' id='word_1_29' title='bbox 1343 447 1429 486; x_wconf 87' lang='grc' dir='ltr'>κτλ.</span> 
     </span>
    </p>

    <p class='ocr_par' dir='ltr' id='par_1_2' title="bbox 178 524 1623 712">
     <span class='ocr_line' id='line_1_6' title="bbox 284 524 1623 575; baseline 0.001 -11"><span class='ocrx_word' id='word_1_30' title='bbox 284 524 399 565; x_wconf 88' lang='lat' dir='ltr'>Cum</span> <span class='ocrx_word' id='word_1_31' title='bbox 426 524 512 566; x_wconf 88' lang='lat' dir='ltr'>hoc</span> <span class='ocrx_word' id='word_1_32' title='bbox 539 525 638 566; x_wconf 82' lang='lat' dir='ltr'>loco</span> <span class='ocrx_word' id='word_1_33' title='bbox 663 526 864 566; x_wconf 88' lang='lat' dir='ltr'>futurum</span> <span class='ocrx_word' id='word_1_34' title='bbox 891 525 1141 566; x_wconf 85' lang='lat' dir='ltr'>adhibitum</span> <span class='ocrx_word' id='word_1_35' title='bbox 1168 525 1236 575; x_wconf 86' lang='lat' dir='ltr'>sit,</span> <span class='ocrx_word' id='word_1_36' title='bbox 1264 525 1377 566; x_wconf 81' lang='lat' dir='ltr'>coni.</span> <span class='ocrx_word' id='word_1_37' title='bbox 1407 525 1623 566; x_wconf 85' lang='lat' dir='ltr'>delibera-</span> 
     </span>
     <span class='ocr_line' id='line_1_7' title="bbox 178 584 1622 645; baseline 0.001 -14"><span class='ocrx_word' id='word_1_38' title='bbox 178 591 297 632; x_wconf 85' lang='lat' dir='ltr'>tivus</span> <span class='ocrx_word' id='word_1_39' title='bbox 324 592 503 645; x_wconf 83' lang='lat' dir='ltr'>saepius</span> <span class='ocrx_word' id='word_1_40' title='bbox 530 593 764 634; x_wconf 88' lang='lat' dir='ltr'>invenitur.</span> <span class='ocrx_word' id='word_1_41' title='bbox 818 592 873 633; x_wconf 92' lang='lat' dir='ltr'>In</span> <span class='ocrx_word' id='word_1_42' title='bbox 899 592 966 633; x_wconf 89' lang='lat' dir='ltr'>El.</span> <span class='ocrx_word' id='word_1_43' title='bbox 996 594 1071 633; x_wconf 90' lang='lat'>967</span> <span class='ocrx_word' id='word_1_44' title='bbox 1100 588 1141 630; x_wconf 82' lang='grc' dir='ltr'>τί</span> <span class='ocrx_word' id='word_1_45' title='bbox 1168 591 1267 644; x_wconf 82' lang='grc' dir='ltr'>δῆτα</span> <span class='ocrx_word' id='word_1_46' title='bbox 1295 590 1446 643; x_wconf 74' lang='grc' dir='ltr'><strong><em>δρῶμεν</em></strong></span> <span class='ocrx_word' id='word_1_47' title='bbox 1471 584 1622 644; x_wconf 82' lang='grc' dir='ltr'><strong><em>μητέρ’;</em></strong></span> 
     </span>
     <span class='ocr_line' id='line_1_8' title="bbox 183 648 1185 712; baseline 0.005 -16"><span class='ocrx_word' id='word_1_48' title='bbox 183 648 210 709; x_wconf 80' lang='grc' dir='ltr'><em>ἦ</em></span> <span class='ocrx_word' id='word_1_49' title='bbox 237 654 500 710; x_wconf 77' lang='grc' dir='ltr'><strong><em>φονεύσομεν,·</em></strong></span> <span class='ocrx_word' id='word_1_50' title='bbox 528 660 639 701; x_wconf 85' lang='lat' dir='ltr'>coni.</span> <span class='ocrx_word' id='word_1_51' title='bbox 668 662 712 701; x_wconf 90' lang='lat' dir='ltr'>et</span> <span class='ocrx_word' id='word_1_52' title='bbox 736 660 1185 712; x_wconf 60' lang='lat' dir='ltr'>futxconjunguntur.</span> 
     </span>
    </p>

    <p class='ocr_par' dir='ltr' id='par_1_3' title="bbox 181 730 1623 1145">
     <span class='ocr_line' id='line_1_9' title="bbox 232 730 1434 789; baseline -0.001 -13"><span class='ocrx_word' id='word_1_53' title='bbox 232 735 400 778; x_wconf 88' lang='lat' dir='ltr'>Phoen.</span> <span class='ocrx_word' id='word_1_54' title='bbox 434 739 534 778; x_wconf 79' lang='lat'>1282</span> <span class='ocrx_word' id='word_1_55' title='bbox 572 730 620 788; x_wconf 71' lang='grc' dir='ltr'>’ἢν</span> <span class='ocrx_word' id='word_1_56' title='bbox 647 730 685 775; x_wconf 79' lang='grc' dir='ltr'>δ’</span> <span class='ocrx_word' id='word_1_57' title='bbox 715 736 939 789; x_wconf 79' lang='grc' dir='ltr'><em>ὑστερήσῃς,</em></span> <span class='ocrx_word' id='word_1_58' title='bbox 968 733 1207 786; x_wconf 75' lang='grc' dir='ltr'><strong><em>οἰχόμεσθα,</em></strong></span> <span class='ocrx_word' id='word_1_59' title='bbox 1234 736 1434 789; x_wconf 71' lang='grc' dir='ltr'><strong><em>κατθανῇ,</em></strong></span> 
     </span>
     <span class='ocr_line' id='line_1_10' title="bbox 181 814 1622 856; baseline 0.001 -2"><span class='ocrx_word' id='word_1_60' title='bbox 181 826 236 854; x_wconf 84' lang='lat' dir='ltr'>ex</span> <span class='ocrx_word' id='word_1_61' title='bbox 263 827 304 854; x_wconf 90' lang='lat' dir='ltr'>v.</span> <span class='ocrx_word' id='word_1_62' title='bbox 336 817 412 855; x_wconf 89' lang='lat'>976</span> <span class='ocrx_word' id='word_1_63' title='bbox 446 814 535 856; x_wconf 87' lang='lat' dir='ltr'>huc</span> <span class='ocrx_word' id='word_1_64' title='bbox 561 817 803 856; x_wconf 83' lang='lat' dir='ltr'>retractum</span> <span class='ocrx_word' id='word_1_65' title='bbox 829 827 925 856; x_wconf 81' lang='lat' dir='ltr'>esse</span> <span class='ocrx_word' id='word_1_66' title='bbox 957 816 1075 856; x_wconf 83' lang='lat' dir='ltr'>recte</span> <span class='ocrx_word' id='word_1_67' title='bbox 1106 815 1280 856; x_wconf 91' lang='lat' dir='ltr'>monuit</span> <span class='ocrx_word' id='word_1_68' title='bbox 1304 814 1622 856; x_wconf 86' lang='lat' dir='ltr'>Kirchhoffius.</span> 
     </span>
     <span class='ocr_line' id='line_1_11' title="bbox 232 886 1365 945; baseline -0.001 -12"><span class='ocrx_word' id='word_1_69' title='bbox 232 892 328 934; x_wconf 81' lang='lat' dir='ltr'>Alc.</span> <span class='ocrx_word' id='word_1_70' title='bbox 359 895 435 934; x_wconf 88' lang='lat'>846</span> <span class='ocrx_word' id='word_1_71' title='bbox 489 886 641 943; x_wconf 68' lang='grc' dir='ltr'><strong><em>κᾶνπερ</em></strong></span> <span class='ocrx_word' id='word_1_72' title='bbox 667 888 839 945; x_wconf 83' lang='grc' dir='ltr'><strong><em>λοχήσας</em></strong></span> <span class='ocrx_word' id='word_1_73' title='bbox 866 886 987 931; x_wconf 72' lang='grc' dir='ltr'><strong><em>αὐτὸν</em></strong></span> <span class='ocrx_word' id='word_1_74' title='bbox 1012 890 1056 940; x_wconf 76' lang='grc' dir='ltr'>ἐξ</span> <span class='ocrx_word' id='word_1_75' title='bbox 1080 889 1199 944; x_wconf 72' lang='grc' dir='ltr'><strong><em>ἕδρας</em></strong></span> <span class='ocrx_word' id='word_1_76' title='bbox 1224 889 1365 939; x_wconf 77' lang='grc' dir='ltr'><strong><em>συθεὶς</em></strong></span> 
     </span>
     <span class='ocr_line' id='line_1_12' title="bbox 482 954 1433 1011; baseline 0 -13"><span class='ocrx_word' id='word_1_77' title='bbox 482 955 647 1010; x_wconf 80' lang='grc' dir='ltr'><em>μάρψω,</em></span> <span class='ocrx_word' id='word_1_78' title='bbox 674 954 820 999; x_wconf 77' lang='grc' dir='ltr'><strong><em>κύκλον</em></strong></span> <span class='ocrx_word' id='word_1_79' title='bbox 846 958 890 998; x_wconf 80' lang='grc' dir='ltr'>δὲ</span> <span class='ocrx_word' id='word_1_80' title='bbox 916 954 1124 1010; x_wconf 78' lang='grc' dir='ltr'><strong><em>περιβάλω</em></strong></span> <span class='ocrx_word' id='word_1_81' title='bbox 1149 961 1279 1011; x_wconf 81' lang='grc' dir='ltr'><strong><em>χεροῖν</em></strong></span> <span class='ocrx_word' id='word_1_82' title='bbox 1305 956 1433 1009; x_wconf 75' lang='grc' dir='ltr'><strong><em>ἓμαῖν,</em></strong></span> 
     </span>
     <span class='ocr_line' id='line_1_13' title="bbox 484 1019 1265 1078; baseline 0 -14"><span class='ocrx_word' id='word_1_83' title='bbox 484 1019 555 1064; x_wconf 80' lang='grc' dir='ltr'>οὗκ</span> <span class='ocrx_word' id='word_1_84' title='bbox 581 1023 691 1065; x_wconf 71' lang='grc' dir='ltr'><em>ἔστιν</em></span> <span class='ocrx_word' id='word_1_85' title='bbox 717 1019 830 1072; x_wconf 77' lang='grc' dir='ltr'><em>ὅστις</em></span> <span class='ocrx_word' id='word_1_86' title='bbox 857 1020 979 1064; x_wconf 74' lang='grc' dir='ltr'><strong><em>αὐτὸν</em></strong></span> <span class='ocrx_word' id='word_1_87' title='bbox 1004 1022 1265 1078; x_wconf 72' lang='grc' dir='ltr'>ἐξαιρήσεται.</span> 
     </span>
     <span class='ocr_line' id='line_1_14' title="bbox 283 1102 1623 1145; baseline 0.001 -2"><span class='ocrx_word' id='word_1_88' title='bbox 283 1102 407 1144; x_wconf 85' lang='lat' dir='ltr'>Haeo</span> <span class='ocrx_word' id='word_1_89' title='bbox 458 1105 561 1143; x_wconf 85' lang='lat' dir='ltr'>sunt</span> <span class='ocrx_word' id='word_1_90' title='bbox 606 1103 745 1145; x_wconf 82' lang='lat' dir='ltr'>verba</span> <span class='ocrx_word' id='word_1_91' title='bbox 781 1102 989 1144; x_wconf 85' lang='lat' dir='ltr'>Herculis</span> <span class='ocrx_word' id='word_1_92' title='bbox 1028 1103 1087 1143; x_wconf 84' lang='lat' dir='ltr'>ad</span> <span class='ocrx_word' id='word_1_93' title='bbox 1124 1103 1346 1143; x_wconf 89' lang='lat' dir='ltr'>tumulum</span> <span class='ocrx_word' id='word_1_94' title='bbox 1384 1103 1623 1144; x_wconf 83' lang='lat' dir='ltr'>Alcestidis</span> 
     </span>
    </p>
   </div>
   <div class='ocr_carea' id='block_1_2' title="bbox 178 1169 1623 1290">
    <p class='ocr_par' dir='ltr' id='par_1_4' title="bbox 178 1169 1623 1290">
     <span class='ocr_line' id='line_1_15' title="bbox 178 1169 843 1223; baseline 0.002 -14"><span class='ocrx_word' id='word_1_95' title='bbox 178 1170 284 1210; x_wconf 87' lang='lat' dir='ltr'>ituri</span> <span class='ocrx_word' id='word_1_96' title='bbox 313 1173 360 1210; x_wconf 85' lang='lat' dir='ltr'>ut</span> <span class='ocrx_word' id='word_1_97' title='bbox 387 1181 486 1210; x_wconf 87' lang='lat' dir='ltr'>eam</span> <span class='ocrx_word' id='word_1_98' title='bbox 512 1169 649 1210; x_wconf 89' lang='lat' dir='ltr'>Morti</span> <span class='ocrx_word' id='word_1_99' title='bbox 676 1171 843 1223; x_wconf 84' lang='lat' dir='ltr'>eripiat.</span> 
     </span>
     <span class='ocr_line' id='line_1_16' title="bbox 283 1232 1623 1290; baseline 0.001 -13"><span class='ocrx_word' id='word_1_100' title='bbox 283 1236 372 1277; x_wconf 89' lang='lat' dir='ltr'>Pro</span> <span class='ocrx_word' id='word_1_101' title='bbox 399 1232 630 1287; x_wconf 66' lang='grc' dir='ltr'><strong><em>περιβαλιίν</em></strong></span> <span class='ocrx_word' id='word_1_102' title='bbox 657 1239 700 1278; x_wconf 76' lang='lat' dir='ltr'>et</span> <span class='ocrx_word' id='word_1_103' title='bbox 726 1237 946 1288; x_wconf 69' lang='grc' dir='ltr'><strong><em>περιβαλῶ,</em></strong></span> <span class='ocrx_word' id='word_1_104' title='bbox 975 1250 1060 1290; x_wconf 87' lang='lat' dir='ltr'>que</span> <span class='ocrx_word' id='word_1_105' title='bbox 1089 1240 1192 1278; x_wconf 78' lang='lat' dir='ltr'>sunt</span> <span class='ocrx_word' id='word_1_106' title='bbox 1217 1238 1461 1290; x_wconf 74' lang='lat' dir='ltr'>scripturae</span> <span class='ocrx_word' id='word_1_107' title='bbox 1481 1236 1623 1288; x_wconf 67' lang='lat' dir='ltr'>codd„</span> 
     </span>
    </p>
   </div>
   <div class='ocr_carea' id='block_1_3' title="bbox 175 1300 1625 2251">
    <p class='ocr_par' dir='ltr' id='par_1_5' title="bbox 176 1300 1624 1836">
     <span class='ocr_line' id='line_1_17' title="bbox 179 1300 1623 1356; baseline 0 -13"><span class='ocrx_word' id='word_1_108' title='bbox 179 1315 283 1343; x_wconf 86' lang='lat' dir='ltr'>oum</span> <span class='ocrx_word' id='word_1_109' title='bbox 310 1304 495 1344; x_wconf 91' lang='lat' dir='ltr'>Monkio</span> <span class='ocrx_word' id='word_1_110' title='bbox 523 1307 566 1344; x_wconf 79' lang='lat' dir='ltr'>et</span> <span class='ocrx_word' id='word_1_111' title='bbox 592 1304 874 1344; x_wconf 84' lang='lat' dir='ltr'>Kirohhoffio</span> <span class='ocrx_word' id='word_1_112' title='bbox 901 1300 1110 1354; x_wconf 80' lang='grc' dir='ltr'><strong><em>περιβάλω</em></strong></span> <span class='ocrx_word' id='word_1_113' title='bbox 1137 1305 1306 1356; x_wconf 84' lang='lat' dir='ltr'>scripsi.</span> <span class='ocrx_word' id='word_1_114' title='bbox 1352 1304 1623 1344; x_wconf 83' lang='lat' dir='ltr'>Matthiaeus</span> 
     </span>
     <span class='ocr_line' id='line_1_18' title="bbox 177 1371 1624 1424; baseline 0.001 -13"><span class='ocrx_word' id='word_1_115' title='bbox 177 1372 339 1422; x_wconf 81' lang='lat' dir='ltr'>tamen,</span> <span class='ocrx_word' id='word_1_116' title='bbox 379 1371 457 1423; x_wconf 91' lang='lat' dir='ltr'>qui</span> <span class='ocrx_word' id='word_1_117' title='bbox 493 1373 540 1412; x_wconf 91' lang='lat' dir='ltr'>in</span> <span class='ocrx_word' id='word_1_118' title='bbox 579 1372 863 1413; x_wconf 82' lang='lat' dir='ltr'>adnotatione</span> <span class='ocrx_word' id='word_1_119' title='bbox 890 1371 1075 1413; x_wconf 86' lang='lat' dir='ltr'>Monkio</span> <span class='ocrx_word' id='word_1_120' title='bbox 1115 1371 1409 1424; x_wconf 84' lang='lat' dir='ltr'>adstipulatus</span> <span class='ocrx_word' id='word_1_121' title='bbox 1456 1373 1533 1422; x_wconf 86' lang='lat' dir='ltr'>est,</span> <span class='ocrx_word' id='word_1_122' title='bbox 1581 1373 1624 1412; x_wconf 91' lang='lat' dir='ltr'>et</span> 
     </span>
     <span class='ocr_line' id='line_1_19' title="bbox 176 1436 1621 1490; baseline 0.001 -13"><span class='ocrx_word' id='word_1_123' title='bbox 176 1436 412 1479; x_wconf 82' lang='lat' dir='ltr'>Nauokius</span> <span class='ocrx_word' id='word_1_124' title='bbox 440 1452 495 1480; x_wconf 88' lang='lat' dir='ltr'>ex</span> <span class='ocrx_word' id='word_1_125' title='bbox 525 1439 565 1478; x_wconf 89' lang='lat' dir='ltr'><em>B</em></span> <span class='ocrx_word' id='word_1_126' title='bbox 590 1438 767 1489; x_wconf 86' lang='lat' dir='ltr'>(Vatic.)</span> <span class='ocrx_word' id='word_1_127' title='bbox 806 1438 1015 1488; x_wconf 80' lang='grc' dir='ltr'><strong><em>περιβαλῶ</em></strong></span> <span class='ocrx_word' id='word_1_128' title='bbox 1042 1440 1314 1490; x_wconf 85' lang='lat' dir='ltr'>receperunt.</span> <span class='ocrx_word' id='word_1_129' title='bbox 1367 1437 1427 1478; x_wconf 87' lang='lat' dir='ltr'>Ut</span> <span class='ocrx_word' id='word_1_130' title='bbox 1453 1438 1621 1490; x_wconf 86' lang='lat' dir='ltr'>opinor,</span> 
     </span>
     <span class='ocr_line' id='line_1_20' title="bbox 177 1501 1623 1557; baseline 0.003 -16"><span class='ocrx_word' id='word_1_131' title='bbox 177 1501 388 1555; x_wconf 75' lang='grc' dir='ltr'><strong><em>περιβάλω</em></strong></span> <span class='ocrx_word' id='word_1_132' title='bbox 416 1508 534 1546; x_wconf 84' lang='lat' dir='ltr'>recte</span> <span class='ocrx_word' id='word_1_133' title='bbox 562 1517 608 1545; x_wconf 87' lang='lat' dir='ltr'>se</span> <span class='ocrx_word' id='word_1_134' title='bbox 636 1505 780 1555; x_wconf 84' lang='lat' dir='ltr'>habet,</span> <span class='ocrx_word' id='word_1_135' title='bbox 821 1506 907 1545; x_wconf 89' lang='lat' dir='ltr'>nisi</span> <span class='ocrx_word' id='word_1_136' title='bbox 945 1505 1032 1545; x_wconf 84' lang='lat' dir='ltr'>alio</span> <span class='ocrx_word' id='word_1_137' title='bbox 1073 1505 1170 1545; x_wconf 82' lang='lat' dir='ltr'>loco</span> <span class='ocrx_word' id='word_1_138' title='bbox 1211 1505 1337 1545; x_wconf 83' lang='lat' dir='ltr'>sedes</span> <span class='ocrx_word' id='word_1_139' title='bbox 1366 1505 1462 1545; x_wconf 88' lang='lat' dir='ltr'>vitii</span> <span class='ocrx_word' id='word_1_140' title='bbox 1489 1516 1623 1557; x_wconf 88' lang='lat' dir='ltr'>quae-</span> 
     </span>
     <span class='ocr_line' id='line_1_21' title="bbox 177 1572 1072 1627; baseline -0.001 -14"><span class='ocrx_word' id='word_1_141' title='bbox 177 1572 321 1613; x_wconf 86' lang='lat' dir='ltr'>renda</span> <span class='ocrx_word' id='word_1_142' title='bbox 347 1576 423 1613; x_wconf 87' lang='lat' dir='ltr'>est.</span> <span class='ocrx_word' id='word_1_143' title='bbox 481 1573 544 1613; x_wconf 83' lang='lat' dir='ltr'>Cf.</span> <span class='ocrx_word' id='word_1_144' title='bbox 574 1572 692 1627; x_wconf 77' lang='lat' dir='ltr'>infra</span> <span class='ocrx_word' id='word_1_145' title='bbox 720 1573 778 1613; x_wconf 85' lang='lat' dir='ltr'>ad</span> <span class='ocrx_word' id='word_1_146' title='bbox 806 1574 845 1613; x_wconf 84' lang='lat' dir='ltr'>J.</span> <span class='ocrx_word' id='word_1_147' title='bbox 875 1573 927 1613; x_wconf 87' lang='lat' dir='ltr'>A.</span> <span class='ocrx_word' id='word_1_148' title='bbox 962 1575 1072 1612; x_wconf 89' lang='lat'>1171.</span> 
     </span>
     <span class='ocr_line' id='line_1_22' title="bbox 366 1643 785 1702; baseline -0.002 -11"><span class='ocrx_word' id='word_1_149' title='bbox 366 1651 427 1691; x_wconf 86' lang='lat' dir='ltr'>bb</span> <span class='ocrx_word' id='word_1_150' title='bbox 439 1649 481 1700; x_wconf 91' lang='grc' dir='ltr'>α)</span> <span class='ocrx_word' id='word_1_151' title='bbox 510 1649 618 1690; x_wconf 83' lang='lat' dir='ltr'>Post</span> <span class='ocrx_word' id='word_1_152' title='bbox 643 1643 692 1701; x_wconf 78' lang='grc' dir='ltr'>ἢν</span> <span class='ocrx_word' id='word_1_153' title='bbox 719 1645 785 1702; x_wconf 87' lang='grc' dir='ltr'>μή.</span> 
     </span>
     <span class='ocr_line' id='line_1_23' title="bbox 229 1710 1516 1769; baseline -0.002 -12"><span class='ocrx_word' id='word_1_154' title='bbox 229 1717 269 1757; x_wconf 83' lang='lat' dir='ltr'>J.</span> <span class='ocrx_word' id='word_1_155' title='bbox 298 1717 342 1757; x_wconf 89' lang='lat' dir='ltr'>T.</span> <span class='ocrx_word' id='word_1_156' title='bbox 376 1720 477 1758; x_wconf 88' lang='grc'>1010</span> <span class='ocrx_word' id='word_1_157' title='bbox 527 1711 611 1764; x_wconf 63' lang='grc' dir='ltr'>ἔξω</span> <span class='ocrx_word' id='word_1_158' title='bbox 638 1715 683 1756; x_wconf 80' lang='grc' dir='ltr'>δέ</span> <span class='ocrx_word' id='word_1_159' title='bbox 709 1710 763 1764; x_wconf 77' lang='grc' dir='ltr'>σ’,</span> <span class='ocrx_word' id='word_1_160' title='bbox 791 1710 916 1769; x_wconf 76' lang='grc' dir='ltr'><strong><em>ἤνπερ</em></strong></span> <span class='ocrx_word' id='word_1_161' title='bbox 942 1712 997 1769; x_wconf 87' lang='grc' dir='ltr'>μὴ</span> <span class='ocrx_word' id='word_1_162' title='bbox 1026 1715 1145 1762; x_wconf 77' lang='grc' dir='ltr'><strong><em>αὐτὸς</em></strong></span> <span class='ocrx_word' id='word_1_163' title='bbox 1170 1713 1364 1754; x_wconf 77' lang='grc' dir='ltr'><strong><em>ἐνταυθοῖ</em></strong></span> <span class='ocrx_word' id='word_1_164' title='bbox 1390 1713 1516 1762; x_wconf 78' lang='grc' dir='ltr'><em>πέσω,</em></span> 
     </span>
     <span class='ocr_line' id='line_1_24' title="bbox 523 1777 1441 1836; baseline -0.001 -13"><span class='ocrx_word' id='word_1_165' title='bbox 523 1784 627 1835; x_wconf 79' lang='grc' dir='ltr'><strong><em>πρὸς</em></strong></span> <span class='ocrx_word' id='word_1_166' title='bbox 654 1778 774 1832; x_wconf 81' lang='grc' dir='ltr'><strong><em>οἶκον,</em></strong></span> <span class='ocrx_word' id='word_1_167' title='bbox 803 1777 830 1836; x_wconf 77' lang='grc' dir='ltr'>ἢ</span> <span class='ocrx_word' id='word_1_168' title='bbox 856 1790 929 1823; x_wconf 84' lang='grc' dir='ltr'>σοῢ</span> <span class='ocrx_word' id='word_1_169' title='bbox 955 1783 1173 1823; x_wconf 75' lang='grc' dir='ltr'><strong><em>κατθανὼν</em></strong></span> <span class='ocrx_word' id='word_1_170' title='bbox 1198 1783 1304 1833; x_wconf 85' lang='grc' dir='ltr'><strong><em>μενῶ</em></strong></span> <span class='ocrx_word' id='word_1_171' title='bbox 1328 1781 1441 1833; x_wconf 81' lang='grc' dir='ltr'>μέτα.</span> 
     </span>
    </p>

    <p class='ocr_par' dir='ltr' id='par_1_6' title="bbox 175 1854 1625 2251">
     <span class='ocr_line' id='line_1_25' title="bbox 282 1854 1622 1914; baseline 0 -11"><span class='ocrx_word' id='word_1_172' title='bbox 282 1862 500 1903; x_wconf 78' lang='lat' dir='ltr'>Canterus</span> <span class='ocrx_word' id='word_1_173' title='bbox 527 1863 718 1904; x_wconf 72' lang='lat' dir='ltr'>restituit</span> <span class='ocrx_word' id='word_1_174' title='bbox 745 1856 828 1908; x_wconf 67' lang='grc' dir='ltr'>ἔξω</span> <span class='ocrx_word' id='word_1_175' title='bbox 855 1859 901 1900; x_wconf 83' lang='grc' dir='ltr'>δέ</span> <span class='ocrx_word' id='word_1_176' title='bbox 928 1855 968 1900; x_wconf 76' lang='grc' dir='ltr'>σ’</span> <span class='ocrx_word' id='word_1_177' title='bbox 998 1875 1079 1914; x_wconf 86' lang='lat' dir='ltr'>pro</span> <span class='ocrx_word' id='word_1_178' title='bbox 1107 1857 1188 1913; x_wconf 81' lang='grc' dir='ltr'>ἥξω</span> <span class='ocrx_word' id='word_1_179' title='bbox 1216 1859 1261 1900; x_wconf 83' lang='grc' dir='ltr'>δέ</span> <span class='ocrx_word' id='word_1_180' title='bbox 1286 1854 1341 1912; x_wconf 76' lang='grc' dir='ltr'>γ’.</span> <span class='ocrx_word' id='word_1_181' title='bbox 1394 1861 1622 1902; x_wconf 85' lang='lat' dir='ltr'>Marklan-</span> 
     </span>
     <span class='ocr_line' id='line_1_26' title="bbox 177 1912 1625 1980; baseline -0.001 -11"><span class='ocrx_word' id='word_1_182' title='bbox 177 1929 261 1969; x_wconf 87' lang='lat' dir='ltr'>dus</span> <span class='ocrx_word' id='word_1_183' title='bbox 289 1932 332 1969; x_wconf 87' lang='lat' dir='ltr'>et</span> <span class='ocrx_word' id='word_1_184' title='bbox 357 1930 592 1970; x_wconf 83' lang='lat' dir='ltr'>Nauckius</span> <span class='ocrx_word' id='word_1_185' title='bbox 627 1912 862 1970; x_wconf 72' lang='lat' dir='ltr'>ediderunt</span> <span class='ocrx_word' id='word_1_186' title='bbox 887 1929 941 1980; x_wconf 85' lang='grc' dir='ltr'>μὴ</span> <span class='ocrx_word' id='word_1_187' title='bbox 969 1922 1099 1976; x_wconf 78' lang='grc' dir='ltr'><strong><em>αὐτὸς,</em></strong></span> <span class='ocrx_word' id='word_1_188' title='bbox 1130 1930 1207 1970; x_wconf 86' lang='lat' dir='ltr'>ubi</span> <span class='ocrx_word' id='word_1_189' title='bbox 1239 1929 1364 1970; x_wconf 86' lang='lat' dir='ltr'>elisio</span> <span class='ocrx_word' id='word_1_190' title='bbox 1391 1929 1451 1969; x_wconf 92' lang='lat' dir='ltr'>fit.</span> <span class='ocrx_word' id='word_1_191' title='bbox 1479 1920 1625 1975; x_wconf 80' lang='grc' dir='ltr'>καῦτός</span> 
     </span>
     <span class='ocr_line' id='line_1_27' title="bbox 175 1994 1622 2049; baseline 0 -12"><span class='ocrx_word' id='word_1_192' title='bbox 175 1998 223 2038; x_wconf 89' lang='lat' dir='ltr'>in</span> <span class='ocrx_word' id='word_1_193' title='bbox 249 1996 376 2038; x_wconf 86' lang='lat' dir='ltr'>libris</span> <span class='ocrx_word' id='word_1_194' title='bbox 395 1996 569 2049; x_wconf 85' lang='lat' dir='ltr'>legitur.</span> <span class='ocrx_word' id='word_1_195' title='bbox 616 1996 706 2039; x_wconf 87' lang='lat' dir='ltr'>Sed</span> <span class='ocrx_word' id='word_1_196' title='bbox 723 1994 918 2036; x_wconf 78' lang='grc' dir='ltr'><strong><em>ἐνταυθοῖ</em></strong></span> <span class='ocrx_word' id='word_1_197' title='bbox 942 1997 1020 2038; x_wconf 81' lang='lat' dir='ltr'>vix</span> <span class='ocrx_word' id='word_1_198' title='bbox 1056 1999 1174 2038; x_wconf 86' lang='lat' dir='ltr'>recte</span> <span class='ocrx_word' id='word_1_199' title='bbox 1193 2008 1240 2038; x_wconf 82' lang='lat' dir='ltr'>se</span> <span class='ocrx_word' id='word_1_200' title='bbox 1269 1995 1414 2048; x_wconf 87' lang='lat' dir='ltr'>habet,</span> <span class='ocrx_word' id='word_1_201' title='bbox 1443 1996 1622 2038; x_wconf 86' lang='lat' dir='ltr'>videtur</span> 
     </span>
     <span class='ocr_line' id='line_1_28' title="bbox 178 2063 1623 2119; baseline -0.001 -15"><span class='ocrx_word' id='word_1_202' title='bbox 178 2065 298 2104; x_wconf 92' lang='lat' dir='ltr'>enim</span> <span class='ocrx_word' id='word_1_203' title='bbox 347 2077 374 2104; x_wconf 88' lang='lat' dir='ltr'>a</span> <span class='ocrx_word' id='word_1_204' title='bbox 418 2066 589 2115; x_wconf 82' lang='lat' dir='ltr'>tragico</span> <span class='ocrx_word' id='word_1_205' title='bbox 639 2077 843 2105; x_wconf 83' lang='lat' dir='ltr'>sermone</span> <span class='ocrx_word' id='word_1_206' title='bbox 892 2064 1089 2104; x_wconf 89' lang='lat' dir='ltr'>alienum</span> <span class='ocrx_word' id='word_1_207' title='bbox 1132 2076 1238 2104; x_wconf 84' lang='lat' dir='ltr'>esse.</span> <span class='ocrx_word' id='word_1_208' title='bbox 1312 2063 1623 2119; x_wconf 66' lang='lat' dir='ltr'>Weckleinius</span> 
     </span>
     <span class='ocr_line' id='line_1_29' title="bbox 178 2122 1623 2183; baseline -0.001 -11"><span class='ocrx_word' id='word_1_209' title='bbox 178 2131 354 2183; x_wconf 85' lang='lat' dir='ltr'>Scripsit</span> <span class='ocrx_word' id='word_1_210' title='bbox 392 2124 518 2182; x_wconf 58' lang='grc' dir='ltr'><strong><em>’ἥνπερ</em></strong></span> <span class='ocrx_word' id='word_1_211' title='bbox 554 2122 701 2177; x_wconf 73' lang='grc' dir='ltr'><strong><em>καύτὸς</em></strong></span> <span class='ocrx_word' id='word_1_212' title='bbox 737 2128 912 2170; x_wconf 75' lang='grc' dir='ltr'>ἕκσωθῶ</span> <span class='ocrx_word' id='word_1_213' title='bbox 946 2129 1111 2179; x_wconf 73' lang='grc' dir='ltr'><strong><em>χθονός,</em></strong></span> <span class='ocrx_word' id='word_1_214' title='bbox 1153 2130 1274 2183; x_wconf 85' lang='lat' dir='ltr'>quod</span> <span class='ocrx_word' id='word_1_215' title='bbox 1310 2130 1444 2171; x_wconf 88' lang='lat' dir='ltr'>nimis</span> <span class='ocrx_word' id='word_1_216' title='bbox 1489 2125 1623 2182; x_wconf 77' lang='lat' dir='ltr'>longe</span> 
     </span>
     <span class='ocr_line' id='line_1_30' title="bbox 178 2198 820 2251; baseline 0.002 -13"><span class='ocrx_word' id='word_1_217' title='bbox 178 2211 205 2238; x_wconf 87' lang='lat' dir='ltr'>a</span> <span class='ocrx_word' id='word_1_218' title='bbox 233 2199 459 2251; x_wconf 81' lang='lat' dir='ltr'>scriptura</span> <span class='ocrx_word' id='word_1_219' title='bbox 487 2199 613 2239; x_wconf 82' lang='lat' dir='ltr'>codd.</span> <span class='ocrx_word' id='word_1_220' title='bbox 643 2198 820 2240; x_wconf 84' lang='lat' dir='ltr'>recedit.</span> 
     </span>
    </p>
   </div>
   <div class='ocr_carea' id='block_1_4' title="bbox 176 2282 304 2288">
    <p class='ocr_par' dir='ltr' id='par_1_7' title="bbox 176 2282 304 2288">
     <span class='ocr_line' id='line_1_31' title="bbox 176 2282 304 2288; baseline 0 0"><span class='ocrx_word' id='word_1_221' title='bbox 176 2282 304 2288; x_wconf 95' lang='lat' dir='ltr'> </span> 
     </span>
    </p>
   </div>
   <div class='ocr_carea' id='block_1_5' title="bbox 305 2283 427 2289">
    <p class='ocr_par' dir='ltr' id='par_1_8' title="bbox 305 2283 427 2289">
     <span class='ocr_line' id='line_1_32' title="bbox 305 2283 427 2289; baseline 0 0"><span class='ocrx_word' id='word_1_222' title='bbox 305 2283 427 2289; x_wconf 95' lang='lat' dir='ltr'> </span> 
     </span>
    </p>
   </div>
   <div class='ocr_carea' id='block_1_6' title="bbox 174 2321 1622 2572">
    <p class='ocr_par' dir='ltr' id='par_1_9' title="bbox 174 2321 1622 2572">
     <span class='ocr_line' id='line_1_33' title="bbox 283 2321 1622 2365; baseline -0.003 -7"><span class='ocrx_word' id='word_1_223' title='bbox 283 2324 306 2364; x_wconf 91' lang='lat'>¹)</span> <span class='ocrx_word' id='word_1_224' title='bbox 329 2323 437 2358; x_wconf 85' lang='lat' dir='ltr'>Ceteri</span> <span class='ocrx_word' id='word_1_225' title='bbox 458 2324 519 2357; x_wconf 79' lang='lat' dir='ltr'>loci</span> <span class='ocrx_word' id='word_1_226' title='bbox 540 2324 575 2357; x_wconf 91' lang='lat' dir='ltr'>hi</span> <span class='ocrx_word' id='word_1_227' title='bbox 597 2325 690 2358; x_wconf 82' lang='lat' dir='ltr'>sunt:</span> <span class='ocrx_word' id='word_1_228' title='bbox 722 2323 837 2357; x_wconf 82' lang='lat' dir='ltr'><strong>Bacch.</strong></span> <span class='ocrx_word' id='word_1_229' title='bbox 872 2324 943 2361; x_wconf 87' lang='lat'>640,</span> <span class='ocrx_word' id='word_1_230' title='bbox 976 2323 1049 2357; x_wconf 84' lang='lat' dir='ltr'>Hel.</span> <span class='ocrx_word' id='word_1_231' title='bbox 1075 2323 1156 2356; x_wconf 88' lang='lat'>1444</span> <span class='ocrx_word' id='word_1_232' title='bbox 1178 2341 1229 2364; x_wconf 91' lang='lat'>—‚</span> <span class='ocrx_word' id='word_1_233' title='bbox 1261 2322 1330 2356; x_wconf 81' lang='lat' dir='ltr'>Alc.</span> <span class='ocrx_word' id='word_1_234' title='bbox 1357 2322 1410 2357; x_wconf 83' lang='lat'>56.</span> <span class='ocrx_word' id='word_1_235' title='bbox 1437 2322 1509 2365; x_wconf 85' lang='lat'>846,</span> <span class='ocrx_word' id='word_1_236' title='bbox 1537 2321 1622 2355; x_wconf 84' lang='lat' dir='ltr'>And.</span> 
     </span>
     <span class='ocr_line' id='line_1_34' title="bbox 175 2374 1622 2417; baseline -0.001 -8"><span class='ocrx_word' id='word_1_237' title='bbox 175 2376 247 2409; x_wconf 84' lang='lat'>338.</span> <span class='ocrx_word' id='word_1_238' title='bbox 270 2377 341 2409; x_wconf 86' lang='lat'>663.</span> <span class='ocrx_word' id='word_1_239' title='bbox 365 2378 438 2413; x_wconf 87' lang='lat'>999,</span> <span class='ocrx_word' id='word_1_240' title='bbox 461 2377 539 2409; x_wconf 77' lang='lat' dir='ltr'>Hoc.</span> <span class='ocrx_word' id='word_1_241' title='bbox 555 2377 627 2417; x_wconf 87' lang='lat'>313,</span> <span class='ocrx_word' id='word_1_242' title='bbox 649 2376 722 2409; x_wconf 83' lang='lat' dir='ltr'>Hel.</span> <span class='ocrx_word' id='word_1_243' title='bbox 737 2376 810 2409; x_wconf 89' lang='grc'>480.</span> <span class='ocrx_word' id='word_1_244' title='bbox 832 2376 905 2409; x_wconf 87' lang='grc'>929.</span> <span class='ocrx_word' id='word_1_245' title='bbox 929 2376 1020 2408; x_wconf 91' lang='grc'>1071.</span> <span class='ocrx_word' id='word_1_246' title='bbox 1045 2376 1136 2412; x_wconf 86' lang='grc'>1176,</span> <span class='ocrx_word' id='word_1_247' title='bbox 1158 2375 1207 2408; x_wconf 91' lang='lat' dir='ltr'>El.</span> <span class='ocrx_word' id='word_1_248' title='bbox 1222 2375 1294 2414; x_wconf 86' lang='lat'>690,</span> <span class='ocrx_word' id='word_1_249' title='bbox 1316 2375 1444 2408; x_wconf 75' lang='lat' dir='ltr'>Hel-ael.</span> <span class='ocrx_word' id='word_1_250' title='bbox 1460 2374 1531 2407; x_wconf 90' lang='lat'>712.</span> <span class='ocrx_word' id='word_1_251' title='bbox 1547 2374 1622 2410; x_wconf 83' lang='lat'>714.</span> 
     </span>
     <span class='ocr_line' id='line_1_35' title="bbox 175 2424 1620 2470; baseline -0.001 -11"><span class='ocrx_word' id='word_1_252' title='bbox 175 2428 289 2470; x_wconf 88' lang='lat' dir='ltr'>Suppl.</span> <span class='ocrx_word' id='word_1_253' title='bbox 310 2428 381 2461; x_wconf 88' lang='lat'>473.</span> <span class='ocrx_word' id='word_1_254' title='bbox 409 2428 501 2464; x_wconf 87' lang='lat'>1208,</span> <span class='ocrx_word' id='word_1_255' title='bbox 523 2428 555 2461; x_wconf 91' lang='lat' dir='ltr'>J.</span> <span class='ocrx_word' id='word_1_256' title='bbox 577 2428 617 2462; x_wconf 91' lang='lat' dir='ltr'>A.</span> <span class='ocrx_word' id='word_1_257' title='bbox 639 2428 710 2460; x_wconf 93' lang='lat'>519.</span> <span class='ocrx_word' id='word_1_258' title='bbox 733 2428 807 2461; x_wconf 86' lang='lat'>533.</span> <span class='ocrx_word' id='word_1_259' title='bbox 837 2428 928 2461; x_wconf 92' lang='lat'>1166.</span> <span class='ocrx_word' id='word_1_260' title='bbox 958 2428 1049 2460; x_wconf 92' lang='grc'>1171.</span> <span class='ocrx_word' id='word_1_261' title='bbox 1078 2427 1202 2467; x_wconf 84' lang='grc'>[1542],</span> <span class='ocrx_word' id='word_1_262' title='bbox 1227 2427 1259 2459; x_wconf 89' lang='lat' dir='ltr'>J.</span> <span class='ocrx_word' id='word_1_263' title='bbox 1280 2426 1316 2460; x_wconf 83' lang='lat' dir='ltr'>T.</span> <span class='ocrx_word' id='word_1_264' title='bbox 1348 2426 1418 2460; x_wconf 85' lang='lat'>101.</span> <span class='ocrx_word' id='word_1_265' title='bbox 1447 2426 1520 2459; x_wconf 86' lang='lat'>762.</span> <span class='ocrx_word' id='word_1_266' title='bbox 1549 2424 1620 2458; x_wconf 89' lang='lat'>764.</span> 
     </span>
     <span class='ocr_line' id='line_1_36' title="bbox 174 2476 1621 2522; baseline -0.002 -10"><span class='ocrx_word' id='word_1_267' title='bbox 174 2479 246 2512; x_wconf 87' lang='lat'>980.</span> <span class='ocrx_word' id='word_1_268' title='bbox 272 2479 362 2522; x_wconf 83' lang='lat'>1230,</span> <span class='ocrx_word' id='word_1_269' title='bbox 384 2481 457 2513; x_wconf 87' lang='lat' dir='ltr'>Jon.</span> <span class='ocrx_word' id='word_1_270' title='bbox 480 2480 552 2512; x_wconf 91' lang='lat'>527.</span> <span class='ocrx_word' id='word_1_271' title='bbox 576 2479 668 2514; x_wconf 85' lang='lat'>1037.</span> <span class='ocrx_word' id='word_1_272' title='bbox 691 2479 782 2514; x_wconf 82' lang='lat'>1259.</span> <span class='ocrx_word' id='word_1_273' title='bbox 805 2479 891 2521; x_wconf 84' lang='lat' dir='ltr'>Cycl.</span> <span class='ocrx_word' id='word_1_274' title='bbox 906 2479 979 2512; x_wconf 87' lang='lat'>314.</span> <span class='ocrx_word' id='word_1_275' title='bbox 994 2479 1067 2512; x_wconf 85' lang='lat'>573.</span> <span class='ocrx_word' id='word_1_276' title='bbox 1078 2479 1150 2517; x_wconf 87' lang='lat'>575,</span> <span class='ocrx_word' id='word_1_277' title='bbox 1172 2478 1258 2512; x_wconf 81' lang='lat' dir='ltr'>Med.</span> <span class='ocrx_word' id='word_1_278' title='bbox 1273 2478 1345 2512; x_wconf 89' lang='grc'>260.</span> <span class='ocrx_word' id='word_1_279' title='bbox 1361 2478 1433 2518; x_wconf 89' lang='lat'>787,</span> <span class='ocrx_word' id='word_1_280' title='bbox 1455 2476 1511 2511; x_wconf 87' lang='lat' dir='ltr'>Or.</span> <span class='ocrx_word' id='word_1_281' title='bbox 1528 2476 1621 2517; x_wconf 87' lang='lat'>1316,</span> 
     </span>
     <span class='ocr_line' id='line_1_37' title="bbox 175 2529 1425 2572; baseline -0.001 -9"><span class='ocrx_word' id='word_1_282' title='bbox 175 2531 227 2563; x_wconf 88' lang='lat' dir='ltr'>Tr.</span> <span class='ocrx_word' id='word_1_283' title='bbox 250 2532 321 2564; x_wconf 87' lang='lat'>904.</span> <span class='ocrx_word' id='word_1_284' title='bbox 344 2533 417 2572; x_wconf 85' lang='lat'>914,</span> <span class='ocrx_word' id='word_1_285' title='bbox 439 2532 561 2566; x_wconf 86' lang='lat' dir='ltr'>Phoen.</span> <span class='ocrx_word' id='word_1_286' title='bbox 582 2532 654 2564; x_wconf 89' lang='lat'>561.</span> <span class='ocrx_word' id='word_1_287' title='bbox 677 2532 748 2564; x_wconf 87' lang='lat'>571.</span> <span class='ocrx_word' id='word_1_288' title='bbox 771 2531 842 2564; x_wconf 89' lang='grc'>578.</span> <span class='ocrx_word' id='word_1_289' title='bbox 866 2532 936 2564; x_wconf 91' lang='grc'>765.</span> <span class='ocrx_word' id='word_1_290' title='bbox 959 2531 1032 2564; x_wconf 87' lang='lat'>938.</span> <span class='ocrx_word' id='word_1_291' title='bbox 1054 2531 1130 2563; x_wconf 92' lang='lat'>976.</span> <span class='ocrx_word' id='word_1_292' title='bbox 1153 2531 1245 2569; x_wconf 84' lang='lat'>1231,</span> <span class='ocrx_word' id='word_1_293' title='bbox 1266 2529 1330 2563; x_wconf 82' lang='lat' dir='ltr'>Rh.</span> <span class='ocrx_word' id='word_1_294' title='bbox 1355 2530 1425 2562; x_wconf 91' lang='lat'>141.</span> 
     </span>
    </p>
   </div>
   <div class='ocr_carea' id='block_1_7' title="bbox 1448 3007 1815 3047">
    <p class='ocr_par' dir='ltr' id='par_1_10' title="bbox 1448 3007 1815 3047">
     <span class='ocr_line' id='line_1_38' title="bbox 1448 3007 1815 3047; baseline 0 0"><span class='ocrx_word' id='word_1_295' title='bbox 1448 3007 1815 3047; x_wconf 95' lang='lat' dir='ltr'> </span> 
     </span>
    </p>
   </div>
  </div>
 </body>
</html>
