1815 3047
356 256 434 307 ba)
463 256 517 297 In
544 257 654 310 prot.
685 258 771 309 opt.
800 268 902 307 aon,
929 256 978 297 in
1005 268 1072 309 ap.
1101 256 1191 298 ind.
1220 268 1361 310 praes.
1391 257 1544 298 exstat.

272 333 432 375 Peleus
471 334 604 385 (And.
641 337 717 375 699
737 335 848 387 sqq.)
890 335 937 375 in
975 334 1230 387 superbiam
1267 336 1610 387 magistratuum

165 400 402 452 invehitur,
431 401 713 454 affirmatque
746 401 921 454 plebem
951 400 1041 442 illis
1074 401 1310 454 prudentia
1337 402 1609 455 superiorem

167 480 274 509 esse.

286 538 359 576 701
417 531 455 573 οἳ
485 528 523 573 δ’
553 531 657 574 εἰσὶν
684 528 814 573 αὐτῶν
839 531 967 586 μυρίῳ
995 530 1230 586 σοφώτεροι,

419 599 455 640 εἰ
482 598 611 651 τόλμα
639 600 899 653 προσγένοιτο
922 598 1116 653 βούλησίς
1145 594 1192 639 θ’
1223 594 1321 654 ἅμα..

124 722 133 733 ‚
271 678 447 719 Horum
465 679 770 732 exemplorum
790 691 927 720 causa
946 679 1036 720 ind.
1057 688 1200 729 praes
1220 679 1267 719 in
1285 679 1340 720 iis
1359 680 1472 735 quae
1490 691 1609 721 nunc

167 748 406 799 sequentur
432 746 746 798 intelligendus
775 759 870 787 esse
897 746 1008 787 mihi
1036 746 1222 796 videtur,
1260 758 1351 786 non
1389 746 1608 798 optativus

167 826 203 855 c.
233 806 280 851 ἄν
308 809 384 865 (εἴη
406 807 481 863 ἶίν).

363 891 443 941 aa)
473 892 526 932 In
553 894 664 944 prot.
695 894 779 944 opt.
809 903 950 944 praes.
980 893 1149 932 exstat.r

218 969 334 1009 And.
366 971 442 1008 770
495 964 536 1006 εἷ’
557 982 597 1006 τι
626 967 699 1019 γὰρ
725 963 877 1016 πάσχοι
905 982 967 1014 τις
994 961 1205 1020 ἀμήχανον,
1235 963 1359 1014 ἇλκᾶς

494 1033 539 1073 οὐ
566 1030 719 1080 σπάνις
745 1028 975 1086 εὖγενέταις.

271 1111 429 1153 Cetera
456 1112 661 1165 exempla
688 1114 808 1152 sunt:
838 1111 989 1165 Suppl.
1017 1114 1129 1162 1008,
1156 1111 1255 1152 Jon.
1271 1113 1359 1162 731,
1386 1111 1497 1163 frag.
1519 1114 1605 1153 315.

354 1190 432 1240 ba)
461 1190 516 1231 In
541 1192 653 1242 prot.
686 1192 771 1242 opt.
803 1202 892 1230 aor.
923 1191 1078 1230 exstat.

218 1267 315 1309 Alc.
345 1270 422 1309 540
476 1264 741 1317 λυπουμένοις
768 1261 939 1318 ὀχληρός,
968 1263 1004 1306 εἰ
1030 1262 1158 1317 μόλοι,
1187 1265 1306 1314 ξένος.

271 1345 430 1385 Cetera
457 1346 661 1397 exempla
690 1346 801 1385 haec
829 1347 946 1385 sunt:
975 1345 1107 1397 Hipp.
1130 1347 1217 1394 985,
1246 1345 1364 1385 Med.
1385 1347 1472 1386 630.
1495 1348 1607 1394 1109,

165 1411 233 1451 Tr.
263 1414 353 1462 401,
380 1411 491 1463 frag.
517 1414 600 1452 163.

355 1499 464 1549 aaa)
490 1499 543 1540 In
573 1512 641 1552 ap.
670 1513 709 1539 v.
739 1499 803 1539 δεῖ
832 1501 984 1540 exstat.

219 1575 349 1627 Frag.
380 1579 455 1616 211
959 1572 1000 1614 τί
1027 1576 1087 1614 δεῖ
1113 1575 1238 1626 καλῆς

501 1638 695 1693 γυναικός,
729 1639 765 1681 εἰ
791 1641 846 1694 μὴ
873 1639 947 1688 τὰς
972 1640 1119 1694 φρένας
1142 1639 1314 1693 χρηστὰς
1340 1639 1441 1690 ἔχοις

356 1731 385 1771 b
400 1730 444 1780 a)
481 1730 536 1771 In
563 1733 672 1783 prot.
704 1732 788 1783 opt.
819 1742 923 1781 aor.,
951 1731 997 1771 in
1026 1742 1093 1782 ap.
1121 1725 1194 1783 χρή
1222 1731 1375 1771 exstat.

217 1807 348 1859 Frag.
381 1810 458 1849 463
513 1804 549 1846 εὶ
578 1798 689 1847 δὀὖν
715 1805 878 1858 γένοιτο,
905 1803 977 1859 χρὴ
1005 1806 1258 1856 περιστεῖλαι
1284 1805 1417 1853 καλῶς

510 1870 737 1925 κρύπτοντα
764 1872 836 1913 καὶ
862 1870 918 1926 μὴ
946 1874 1053 1913 πᾶσι
1081 1869 1290 1926 κηρύσσειν
1315 1869 1423 1913 τάδε.

352 1963 437 2013 Ιοβ)
475 1962 527 2003 In
556 1965 667 2016 prot.
697 1965 781 2016 opt.
813 1975 916 2013 aor.,
944 1963 992 2003 in
1020 1975 1087 2015 ap.
1118 1975 1207 2003 aor.
1236 1974 1339 2015 gno.
1368 1964 1520 2003 exstat.

215 2040 346 2092 Frag.
378 2044 453 2081 775
482 2054 521 2080 v.
552 2043 602 2082 43
899 2037 935 2079 εἰ
965 2038 1007 2078 δὲ
1034 2036 1131 2088 τύχα
1159 2055 1199 2078 τι
1226 2038 1348 2087 τέκοι,

654 2104 779 2158 βαρὺν
805 2108 949 2158 βαρεῖα
977 2103 1107 2159 φόβον
1134 2104 1296 2157 έπεμψε
1322 2102 1456 2159 φάτις.

268 2195 415 2236 Etiam
466 2195 577 2237 haec
625 2198 693 2237 est
740 2196 957 2237 sententia
1000 2195 1232 2248 generalis
1294 2195 1471 2238 Similes
1509 2207 1607 2238 sen-

161 2264 308 2304 tentiis
336 2264 620 2315 generalibus
648 2266 752 2304 sunt
778 2276 855 2304 eae
890 2264 1064 2316 quibus,
1104 2264 1164 2304 ad.
1195 2276 1291 2304 rem
1322 2264 1606 2317 praeteritam

162 2332 478 2384 spectantibus,
508 2332 622 2372 actio
651 2332 837 2384 repetita
864 2331 1152 2383 significatur.
1200 2331 1316 2373 Cum
1341 2331 1380 2373 is
1408 2331 1486 2384 qui
1511 2343 1607 2372 rem

162 2400 352 2447 enarrat,
382 2399 576 2449 optativo
604 2399 743 2437 utitur
770 2399 817 2437 in
844 2410 910 2437 en.
940 2398 1248 2448 condicionali,
1277 2410 1381 2439 cum
1403 2409 1476 2439 res
1503 2409 1606 2449 age-

160 2468 294 2517 retur,
314 2466 647 2507 coniunctivum
666 2465 952 2507 adhibuisset.
995 2464 1126 2515 Quod
1144 2466 1358 2519 exemplis
1371 2475 1604 2517 exponam.

160 2532 298 2573 Indic.
326 2532 572 2584 imperfecti
599 2544 772 2585 semper
798 2533 845 2572 in
873 2544 940 2584 ap.
970 2533 1202 2573 invenitur.
