1815 3068
777 172 929 213 -31
986 192 1034 199 -

451 286 487 325 2.
526 285 628 337 post
651 285 852 338 tempora
878 283 1152 325 secundaria.

377 351 422 401 α)
454 351 645 392 aoristus
670 346 727 402 μή
752 350 988 404 praecedit.

454 421 487 460 1.
516 419 626 460 coni.
656 418 810 461 aoristi
836 419 989 460 exstat.

295 485 358 526 Cf.
392 486 507 527 Med.
538 489 624 527 214.
658 488 769 537 1304,
807 485 924 527 Med.
963 488 1050 527 214.
1107 485 1178 526 Or.
1219 488 1266 526 57
1306 486 1424 527 infra
1463 489 1624 529 tracta-

185 552 320 595 bitur.

375 621 417 670 β)
454 620 767 673 Imperfectum
791 615 848 671 μή
873 620 1110 672 praecedit.

239 686 307 727 Jo.
340 688 438 727 1557
493 679 538 733 ὃς
563 684 621 733 εἷς
646 684 719 737 μὲν
746 680 846 737 ὄψιν
872 689 984 737 σφῶν
1007 685 1143 735 μολεῖν
1169 678 1241 723 οἰκ
1267 679 1392 737 ἠξίου,

493 753 549 805 μὴ
576 753 654 793 τῶν
679 749 864 805 πάροιθε
889 751 1047 804 μέμψις
1074 749 1131 800 εἷς
1155 750 1278 802 μέσον
1302 748 1418 805 μόλῃ.

374 831 413 883 y)
451 832 667 873 Praesens
692 832 955 873 historicum
980 825 1035 883 μή
1062 828 1296 883 praecedit.

239 898 294 939 H.
323 899 350 939 f.
380 902 432 940 44
483 895 616 938 λείπει
643 897 716 949 γάρ
741 913 792 949 με
808 890 943 938 ,τοῖσδ’
973 895 1015 937 ἐν
1040 891 1199 948 ὁα’μασι

387 968 436 1006 47
491 965 562 1004 σὺν
586 962 718 1017 μητρί,
745 963 867 1005 τέκνα
893 961 949 1015 μὴ
975 958 1128 1004 θάνωσ’
1155 958 1408 1015 ζΗροτκλεόυς.

183 1113 241 1154 Π.
288 1114 366 1155 De
404 1088 675 1167 optati-³4⁷0
713 1116 771 1155 in
808 1115 1128 1156 sententiis
1163 1114 1620 1155 adverbialibus

763 1181 1046 1223 adhibito.

289 1273 376 1314 Hic
415 1275 598 1326 optativi
636 1286 744 1314 usus
783 1275 842 1314 ad
884 1287 979 1314 rem
1022 1274 1219 1314 futuram
1262 1275 1618 1326 longinquiorem

185 1341 356 1393 spectat
372 1342 428 1390 et,
445 1342 545 1393 post
562 1343 763 1394 tempora
781 1341 1046 1383 secundaria
1063 1343 1314 1394 usurpatus,
1334 1340 1393 1382 ad
1410 1341 1618 1382 coniunc-

183 1407 342 1457 tivum,
377 1420 509 1460 quem
542 1420 678 1461 supra
703 1409 1009 1458 tractavimus,
1037 1407 1283 1460 respondet.
1337 1408 1383 1448 Is
1411 1409 1489 1460 qui
1515 1420 1619 1449 con-

179 1474 333 1515 silium
351 1475 477 1528 cepit,
505 1487 657 1516 secum
675 1476 739 1516 sic
758 1476 985 1527 cogitavit:
1013 1475 1130 1513 τοῦτο
1149 1474 1270 1522 ποιῶ,
1297 1474 1364 1512 ἵνα
1390 1468 1470 1525 (ὡς,
1491 1468 1617 1525 ὅπως)

182 1538 307 1580 ἐκεῖνο
333 1541 449 1592 τελῶ,
476 1541 544 1583 illi
569 1554 675 1583 vero
704 1543 792 1595 qui,
819 1544 870 1582 ut
894 1543 957 1583 ita
984 1542 1143 1593 dicam,
1172 1542 1376 1583 effectum
1403 1555 1427 1583 e
1444 1542 1618 1594 longin—

183 1621 269 1661 quo
290 1609 623 1662 contemplatur,
642 1610 852 1651 remotior
870 1622 965 1651 esse
983 1609 1160 1651 videtur
1177 1609 1367 1651 effectus.
1397 1609 1616 1651 Coniunc-

176 1676 300 1717 tivus
327 1676 537 1729 temporis
564 1677 790 1729 praeteriti
814 1688 905 1717 non
922 1677 1233 1730 usurpabatur,
1263 1677 1424 1729 quippe
1452 1689 1556 1717 cum
1578 1677 1617 1717 is

183 1743 364 1794 linguae
403 1742 601 1784 Graecae
640 1743 762 1784 desit.
816 1743 936 1784 Nam
974 1744 1279 1784 coniunctivus
1317 1745 1361 1784 et
1397 1744 1617 1795 optativus

182 1810 336 1851 aoristi
372 1811 415 1852 et
450 1810 589 1852 iidem
625 1810 749 1852 modi
773 1810 1030 1864 praesentis,
1070 1810 1189 1864 quod
1227 1810 1286 1851 ad
1312 1811 1617 1864 tempestatem

177 1878 347 1928 attinet,
374 1877 487 1918 nihil
511 1879 627 1918 inter
654 1890 701 1919 se
729 1878 938 1919 differunt
946 1879 985 1927 ¹).
1027 1878 1260 1930 Optativus
1277 1880 1511 1931 propterea
1537 1878 1616 1920 ad-

181 1942 429 1995 hibebatur,
448 1943 569 1998 quod
587 1956 638 1985 eo
657 1943 835 1986 effectus
853 1945 1000 1986 minus
1019 1944 1168 1985 vivide
1187 1956 1323 1998 quam
1335 1945 1615 1986 conjunctivo

176 2011 521 2063 exprimebatur.

286 2076 517 2131 Optativus
546 2080 693 2119 autem
719 2077 881 2131 pendet

368 2146 410 2195 a)
450 2158 478 2185 a
502 2146 722 2198 particula
747 2146 814 2184 ἵνα
841 2148 941 2199 post
966 2149 1167 2199 tempora
1192 2147 1438 2198 praeterita.

368 2213 409 2261 α)
450 2213 639 2253 aoristus
666 2211 739 2251 ἵνα·
759 2213 995 2266 praecedit.

231 2288 326 2341 Iph.
355 2289 408 2336 A.
439 2293 514 2331 708
542 2293 640 2329 KA.
699 2288 817 2337 Θέτις
843 2284 877 2330 δ’
883 2290 1060 2342 ἔθρεψεν
1087 2284 1113 2343 ἢ
1139 2289 1274 2342 πατὴρ
1298 2283 1501 2337 Ἀχιλλέα;

497 2359 643 2396 ΑΓΛ.
698 2354 864 2409 Χείρων,
892 2350 940 2396 ἵν’
969 2351 1055 2411 ἤθη
1073 2354 1128 2409 μὴ
1146 2353 1278 2407 μάθοι
1298 2356 1428 2395 κακῶν
1446 2356 1610 2407 βροτῶν.

288 2471 311 2510 ¹)
333 2470 380 2505 cf.
401 2471 592 2504 Delbrueck.
614 2472 637 2504 1.
654 2472 676 2504 1.
699 2472 760 2505 vol.
771 2472 797 2505 1.
815 2483 846 2515 p.
858 2473 909 2505 83.
941 2473 1005 2505 Jlle
1025 2473 1059 2505 in
1080 2472 1192 2504 eadem
1212 2472 1331 2513 pagina
1352 2471 1399 2503 sic
1419 2472 1499 2504 bene
1514 2471 1610 2504 dixit:

182 2521 270 2563 „Dae
291 2521 496 2557 Griechischo
518 2522 639 2557 drackt
658 2523 752 2557 nicht
772 2524 880 2558 direkt
900 2524 952 2558 die
967 2522 1230 2566 Vorgnngenheit
1250 2532 1320 2560 aus.
1342 2523 1478 2557 sendum
1500 2523 1613 2557 deutet

175 2586 241 2608 mur
255 2586 307 2618 an,
322 2576 397 2610 dass
414 2576 466 2610 die
479 2576 658 2619 Handlung
678 2577 771 2610 nicht
790 2578 871 2611 eben
885 2577 949 2611 nah
962 2576 1024 2610 mit
1038 2576 1095 2610 der
1108 2576 1336 2610 Wirklichkeit
1348 2576 1520 2620 verknfipft
1533 2578 1611 2611 sei.“
