1815 3047
787 113 1049 152 -20-

302 227 399 285 Iph.
427 227 480 270 A.
511 210 610 269 1616
630 238 724 281 sqq.
1032 272 1044 289 ‚
1106 271 1118 287 ‚
1194 278 1214 288 -

886 279 978 326 πῶς
1004 278 1029 317 δ
1074 292 1120 318 ου
1147 291 1213 331 φω

527 346 880 396 παραμυθεῖσθαι
906 341 1048 385 τούσδε
1071 340 1204 397 μάτην
1227 340 1386 396 μύθους

523 406 578 460 ω’ς
605 426 678 453 σου
703 411 885 460 πένθους
911 413 1052 465 λυγροῦ
1076 409 1339 462 παυσαίμαν,

193 497 272 538 ubi
299 497 523 550 optativus
551 497 663 538 00111.
692 496 824 538 (10111).
853 496 1068 549 sequitur,
1102 507 1206 537 00111
1238 496 1296 537 ab
1323 495 1638 549 interpolatore

193 576 350 606 versus
378 563 522 608 additi
548 565 648 616 sint,
675 577 766 606 non
794 565 897 605 sunt
924 562 1248 606 considerandi.

383 653 418 703 ζ)
446 653 654 694 on-istus
681 653 914 705 gnomieus
941 645 997 699 ὡς
1021 651 1256 706 praeeedit.

297 720 431 774 Hipp.
460 723 538 762 628

382 785 585 838 προσθεὶς
611 783 687 839 γὰρ
714 781 736 826 ὃ
765 784 937 837 σπείρας
962 801 1005 826 τε
1030 785 1103 826 καὶ
1129 784 1296 838 θρέψας
1322 786 1455 839 πατὴρ

300 932 467 975 Sensus
485 932 620 974 huius
639 933 793 974 aoristi
818 933 892 975 1110
921 935 1004 974 est:
1034 933 1142 974 011111
1159 933 1262 974 fecit
1288 934 1348 983 (et
1384 933 1639 974 etiamnunc

191 1000 338 1041 faeere
377 1000 489 1040 solet
526 1002 569 1040 et
601 1011 776 1052 semper
801 1000 961 1049 faciet).
1015 999 1104 1040 Res
1141 1000 1380 1052 praeterita
1419 999 1641 1052 quaedam

192 1068 292 1108 1000
312 1067 513 1108 omnium
539 1078 690 1107 rerum
709 1078 823 1119 quae
849 1067 896 1107 in
920 1066 1079 1119 eadem
1096 1078 1234 1107 causa
1251 1068 1355 1107 sunt
1390 1066 1638 1108 adhibetur.

383 1154 425 1206 η)
451 1147 507 1199 ὥς
533 1166 589 1194 ex
616 1152 855 1194 enuntiato‘
870 1153 997 1194 finali
1022 1153 1195 1206 pendet.

245 1231 345 1273 Hel.
376 1233 425 1272 63
688 1227 757 1270 τὸν
783 1226 919 1270 πάλαι
945 1221 985 1270 δ’
1015 1227 1111 1281 ἓμὸν
1137 1226 1264 1270 πόσιν

476 1305 636 1348 τιμῶσα
665 1296 865 1350 Πρωτέως
889 1298 1026 1351 μνῆμα
1053 1294 1294 1350 προσπίτνω
1321 1296 1413 1337 τόδε

482 1362 606 1412 ἱκέτις
632 1358 685 1404 ἵν’
716 1359 829 1416 ἀνδρὶ
856 1358 967 1415 τᾶμά
994 1365 1178 1417 διασώσῃ
1205 1363 1308 1417 λέχη,

478 1426 543 1480 ὡς,
571 1430 608 1471 εἱ
632 1425 737 1471 καθ’
762 1425 919 1471 Ἑλλάδ’
949 1426 1075 1482 ’ὄνομα
1103 1431 1285 1478 δυσκλεὲς
1311 1430 1430 1484 φέρω,

477 1495 534 1552 μή
560 1513 633 1548 μοι
659 1499 706 1538 τὸ
734 1495 851 1548 σῶμά
869 1492 908 1549 γ’
940 1492 1083 1537 ἐνθάδ’
1114 1495 1302 1552 αἰσχύνην
1330 1493 1449 1551 ἷίφλῃ.

303 1578 595 1619 Enuntiatum
622 1570 677 1623 ὥς
705 1599 753 1605 -
782 1571 888 1629 lapan
916 1590 972 1618 ex
999 1589 1066 1618 en.
1095 1576 1162 1615 ἵνα
1191 1598 1239 1605 -
1268 1575 1359 1629 λέχη
1386 1577 1558 1630 pendet.

303 1645 518 1687 Eiusdem
544 1645 721 1698 generis
749 1647 815 1687 est
840 1645 966 1687 locus
994 1646 1072 1698 qui
1098 1646 1307 1698 sequitur.

302 1714 344 1754 J.
372 1714 428 1754 A.
458 1715 534 1754 538

387 1777 428 1819 ἓν
452 1793 525 1830 μοι
552 1779 738 1833 φύλαξον,
767 1778 987 1829 Μενέλεως,
1017 1774 1094 1819 ἀνὰ
1121 1776 1292 1832 στρατὸν

387 1843 531 1896 ἐλθών,
560 1841 675 1894 ὅπως
702 1842 751 1886 ἄν
776 1849 831 1900 μὴ
857 1847 1191 1900 Κλυταιμνήστρα
1218 1844 1314 1887 τάδε

386 1910 518 1968 μάθῃ,
546 1913 645 1966 πρὶν
663 1909 787 1968 Ἅιδῃ
814 1908 937 1954 παῖδ’
967 1913 1063 1969 ἐμὴν
1088 1915 1267 1966 προσθῶ
1292 1910 1437 1967 λαβών,

388 1976 443 2029 ὡς
468 1975 539 2021 ἐπ’
569 1979 794 2031 ἐλαχίστοις
819 1982 1006 2033 δακρύοις
1031 1979 1205 2032 πράσσω
1233 1983 1377 2029 κακῶς.

305 2054 555 2107 (ὗς-κακῶς
581 2073 637 2102 ex
663 2061 813 2103 verbis
840 2054 955 2107 ἵπως
981 2054 1032 2099 ἂν
1049 2083 1100 2090 -
1117 2057 1237 2114 μάθῃ
1264 2061 1436 2115 pendet.

307 2139 355 2182 Si
374 2138 728 2192 Clytaemnestra
749 2140 910 2192 ignara
926 2140 1136 2191 manebit,
1154 2141 1466 2192 Agamemnon
1493 2140 1641 2181 minus

201 2208 407 2259 patietur.

307 2296 357 2347 θ)
396 2295 548 2337 Verba
584 2296 701 2335 τοῦτο
738 2294 838 2347 λέγω
876 2296 947 2337 vel
993 2297 1135 2338 simm.
1179 2297 1226 2337 in
1254 2310 1320 2338 en.
1358 2296 1499 2338 libero
1538 2296 1642 2336 sub-

443 2362 669 2404 audienda
682 2376 684 2379 ’
693 2365 796 2404 sunt
805 2363 844 2414 ¹).

309 2477 334 2517 ¹)
356 2477 429 2510 Loci
451 2477 488 2510 hi
509 2479 612 2510 sunt:
634 2477 719 2510 And.
744 2477 834 2515 1078,
856 2477 930 2511 Hel.
952 2477 1023 2518 977,
1045 2477 1075 2511 J.
1097 2477 1132 2510 Τ.
1156 2477 1247 2519 1361,
1268 2477 1340 2511 Jon.
1361 2477 1413 2511 35.
1437 2475 1528 2518 1420,
1557 2474 1643 2518 Cycl.

206 2530 276 2568 143,
299 2529 352 2563 Or.
375 2530 449 2567 734,
470 2529 523 2562 Tr.
546 2530 618 2562 441.
642 2530 712 2562 719.
734 2530 806 2568 912,
830 2529 947 2564 Phoen.
965 2531 1054 2563 1067.
1080 2531 1168 2563 1656.
1193 2530 1285 2570 1681,
1305 2530 1345 2562 fr.
1367 2529 1439 2562 334.
