1815 3047
769 138 1030 177 ..64-

364 249 395 290 b
409 248 451 299 a)
490 248 543 289 In
572 251 682 302 prot.
712 252 796 302 opt.
826 248 1020 302 perfecti,
1038 250 1084 290 in
1105 262 1172 302 ap.
1194 252 1279 303 opt.
1299 260 1440 303 praes.
1457 249 1618 290 exstat:

282 316 366 357 Rh.
396 319 485 357 474.

366 407 390 435 ο
403 396 445 443 α)
484 394 539 435 In
567 396 678 447 prot.
708 397 793 448 opt.
824 407 927 446 aor.,
955 396 1001 436 in
1030 407 1097 448 ap.
1126 407 1267 447 praes.
1296 396 1541 437 invenitur:

282 462 380 502 Alc.
401 463 490 511 464,
518 461 558 502 J.
584 461 628 501 T.
659 463 747 511 582,
775 461 892 502 Med.
915 463 1003 511 ⁷31,
1021 461 1132 513 frag.
1155 462 1242 502 891.
1271 461 1486 503 Yxemius
1504 463 1622 503 recte

177 528 433 570 emendavit
465 528 565 570 Jon.
604 530 693 580 331,
731 530 782 569 ut
820 528 1041 581 legeretur
1078 524 1114 567 εἰ
1151 523 1278 568 πόνου
1313 541 1384 578 μοι
1422 524 1621 579 ξυλλάβοι,

177 592 384 647 χαίροιμεν
412 589 472 634 ὂῖν.

284 667 357 708 Or.
391 671 490 708 1172
545 664 631 714 ἑνὸς
656 667 732 719 γὰρ
759 664 795 706 εἰ
822 660 1040 717 λαβοίμεθ’
1070 660 1295 717 εὐτυχοῖμεν
1321 661 1382 715 ἄν,

341 757 343 759 -
549 730 591 774 εἷ’
613 736 749 774 ποθεν
776 728 951 782 ἄελπτος
977 732 1220 787 παραπέσοι
1248 731 1425 787 σωτηρία

546 802 736 842 κτανοῦσι
763 799 819 853 μὴ
846 802 1053 841 θανοῦσιν.

286 889 417 931 Prior
445 890 651 931 condicio
679 889 821 932 altera
858 890 1116 944 explicatur.
1182 890 1245 931 In‘
1272 890 1436 932 Phoen.
1480 891 1556 930 724
1589 885 1625 928 εἰ

182 954 321 1002 νυκτὸς
350 952 488 1002 αὐτοῖς
526 953 827 1007 προσβάλοιμεν
857 955 902 996 ἐκ
934 953 1066 1005 λόχου;
1096 969 1163 1010 ap.
1194 957 1325 999 deest.
1381 957 1444 997 Cf.
1474 968 1539 997 aa
1567 956 1647 1019 ad⁸

182 1023 255 1065 Or.
286 1027 373 1065 775.
430 1024 493 1065 Cf.
524 1024 659 1065 etiam
686 1024 802 1066 And.
834 1027 922 1066 845.
977 1024 1031 1065 In
1058 1024 1222 1065 Phoen.
1252 1020 1295 1062 τί
1318 1016 1373 1072 δ’,
1402 1020 1438 1063 εἰ
1465 1025 1627 1063 καθιπ-

182 1087 408 1140 πεύσαιμεν
433 1084 626 1142 ’Λργείων
652 1085 839 1142 στρατόν,·
875 1091 1077 1133 Eteocles
1118 1092 1226 1133 dicit
1260 1088 1302 1130 τί
1339 1089 1383 1130 δὲ
1420 1088 1551 1139 λέγοις
1578 1084 1628 1129 ἂν

182 1154 260 1196 κτὲ.
307 1157 370 1199 cf.
399 1158 440 1199 J.
470 1158 514 1198 T.
548 1161 659 1214 1024.

373 1235 454 1285 οβ)
492 1235 547 1276 In
573 1237 761 1287 utroque
788 1235 989 1276 membro
1019 1237 1103 1288 opt.
1133 1247 1223 1275 aor.
1250 1235 1492 1276 invenitur:

289 1301 388 1342 Hel.
418 1304 507 1352 699,
548 1301 620 1342 Or.
651 1304 740 1352 780,
767 1302 911 1354 fragg.
942 1303 1029 1343 529.
1060 1304 1147 1344 586.
1202 1302 1257 1343 In
1282 1302 1349 1343 Tr.
1386 1303 1462 1343 703
1501 1297 1543 1340 εἷ’
1570 1316 1630 1340 νιν

186 1369 435 1410 secundum
462 1367 735 1410 Kirchhoffii
763 1370 1065 1411 coniecturam
1092 1369 1332 1422 legendum
1360 1380 1527 1410 consec.
1563 1368 1626 1410 Cf.

185 1449 336 1489 supra.

375 1526 430 1555 cc
443 1517 481 1565 γ)
509 1513 564 1554 In
583 1525 652 1567 ap.
673 1509 709 1552 εἷ
726 1507 783 1566 μή
803 1527 838 1555 c.
861 1516 946 1567 opt.
977 1526 1081 1565 aon,
1109 1514 1155 1555 in
1176 1526 1242 1567 ap.
1264 1516 1348 1568 opt.
1377 1526 1519 1567 praes.
1540 1526 1627 1567 quo

185 1581 360 1633 aliquid
388 1583 588 1633 optatum
616 1582 891 1634 exprimitur,
919 1584 1072 1622 exstat.

291 1658 407 1699 Med.
439 1660 515 1698 542
572 1653 635 1710 εἰἠ
662 1650 701 1696 δ’
731 1654 867 1709 ἔμοιγε
893 1653 993 1710 μήτε
1016 1654 1158 1709 χρυσὸς
1184 1655 1226 1696 ἐν
1251 1653 1391 1707 δόμοις

563 1717 652 1777 μήτ’
679 1718 862 1778 Ὀρφέως
887 1720 1053 1764 κάλλιον
1079 1718 1251 1775 ἱμνῗσαι
1277 1722 1406 1775 μέλος,

566 1788 603 1831 εἰ
629 1788 685 1845 μὴ
714 1785 912 1845 ’πίσημος
937 1785 962 1845 ἡ
989 1788 1084 1844 τύχη
1112 1788 1266 1844 γένοιτό
1291 1807 1374 1842 μοι.

294 1870 351 1911 Η.
382 1883 418 1910 e.
473 1866 693 1922 βουλοίμην
720 1866 769 1909 ἄν
794 1864 899 1909 εἶναι
926 1866 1005 1909 mk.

377 1970 401 1998 ο
416 1958 453 2004 δ)
493 1957 589 2010 Opt.
621 1970 711 1999 aor.
740 1959 787 1999 in
815 1970 883 2010 ap.
913 1960 1066 1999 exstat.

294 2034 367 2075 Or.
402 2037 501 2076 1086
554 2028 657 2087 μήθ’
687 2028 792 2086 αἷμα
819 2048 895 2083 μου
923 2033 1083 2083 δέξαιτο
1110 2030 1316 2086 κάρπιμον
1341 2031 1478 2083 πέδον,

556 2099 612 2155 μὴ
640 2101 828 2154 λαμπρὸς
853 2098 985 2155 αἰθὴρ
1012 2099 1048 2143 εἰ
1076 2095 1197 2154 σ’ἕγώ
1223 2097 1400 2155 προδούς
1425 2116 1528 2142 ποτε

558 2166 831 2220 ἐλευθερώσας
857 2163 1003 2219 τοῦμὸν
1031 2163 1285 2220 ἆπολίποιμί
1312 2183 1367 2209 σε.

405 2247 480 2297 ae)
519 2248 574 2289 In
600 2250 709 2301 prot.
741 2249 853 2290 coni.
882 2261 1022 2301 praes.
1060 2251 1220 2299 exstat,
1252 2249 1300 2289 in
1332 2261 1400 2301 ap.
1434 2248 1633 2289 futurum

520 2315 775 2357 subaudias.
787 2316 815 2365 ¹)

297 2439 321 2480 ¹)
342 2440 522 2473 Indicativo
546 2441 708 2474 sententia
729 2440 903 2483 apodosoos
925 2440 1028 2473 multo
1049 2440 1174 2473 firmius
1203 2440 1384 2482 certiusque
1405 2438 1635 2483 pronuntiatur

190 2501 288 2533 quam
316 2492 472 2534 optativo.
518 2490 599 2525 Cum
631 2492 699 2526 ind.
720 2492 754 2524 in
776 2502 826 2534 ap.
851 2491 1040 2528 adhibetur,
1074 2492 1245 2525 desistitur
1277 2492 1318 2524 ab
1350 2492 1480 2534 inoepta
1509 2490 1635 2522 dicendi

190 2543 324 2576 ratione.
