1815 3068
778 178 1035 215 -43-..

193 318 243 360 c.
290 315 365 356 De
401 314 673 356 enuntiatis
710 316 826 364 post
863 315 1092 357 notiones
1129 314 1342 356 timendi
1373 313 1622 356 adhibitis.

295 410 419 454 Haeo
460 412 725 455 constructio
771 412 827 454 ab
873 412 1099 454 sententiis
1142 412 1367 467 primariis
1412 413 1510 469 orta
1546 414 1622 453 est.

193 481 308 522 Cum
334 480 525 520 duarum
561 481 879 521 sententiarum
916 479 1057 521 altera
1083 492 1138 521 ex
1160 479 1302 520 altera
1327 479 1539 532 penderet
1566 479 1625 519 ad

192 558 383 596 sensum,
410 559 501 589 una
526 547 708 603 periodo
734 546 947 601 paulatim
977 546 1369 600 conjungebantur.
1415 546 1473 588 Et
1495 546 1623 600 quin-

192 626 277 667 que
304 615 484 666 quidem
502 615 730 655 enuntiata
756 615 877 667 apud
894 614 1001 655 Eur.
1019 615 1317 663 inveniuntur,
1343 615 1422 655 ubi
1447 610 1503 665 μή
1521 625 1622 666 par—

191 680 327 721 ticula
353 693 408 722 ex
434 681 560 722 nulla
595 681 772 722 notione
798 681 1080 733 praecedenti
1117 680 1363 721 secundm
1400 691 1623 732 gramma-

190 748 303 788 ticae
329 748 532 799 regulam
557 747 734 800 pendet:
762 748 861 789 Alc.
881 750 957 803 315
983 743 1040 799 μή
1058 744 1126 786 σοι’
1151 740 1229 785 τιν’
1252 743 1420 798 αἰσχρὰν
1436 749 1622 797 προσβα-

192 813 317 854 loica
343 810 516 867 κληδόνα
541 808 641 868 ἥβης
666 812 709 853 ἐν
726 807 834 867 ἀκμῇ
860 810 953 862 σούς
970 811 1193 867 διαφθείρῃ
1211 810 1375 866 γάμους,
1402 813 1459 855 Η.
1478 813 1507 855 f.
1523 815 1622 855 1399

192 876 281 921 ἀλλ’
311 875 415 932 αἷμα
441 879 496 933 μὴ
524 883 612 928 σοῖς
628 880 898 932 ἐξομόρξωμαι
917 881 1103 930 πέπλοις,
1133 882 1204 924 Or.
1226 885 1302 923 776
1329 878 1385 934 μὴ
1404 877 1560 932 λάβωσι
1579 874 1618 920 α’

191 943 367 1000 ι’ίσμενοι,
399 949 482 990 Rh.
515 952 589 990 115
615 946 670 1002 μὴ
699 942 745 988 οὗ
770 945 910 1001 μόλῃς,
937 949 1004 991 Tr.
1035 952 1111 990 982
1137 945 1192 1000 μὴ
1220 947 1266 988 οὗ
1291 946 1434 1002 πείσῃς
1462 944 1621 1001 σοφούς·

191 1016 305 1057 Cum
341 1018 493 1058 variae
529 1018 729 1058 notiones
766 1017 1127 1070 praefigerentur,
1171 1018 1258 1057 tria
1294 1017 1623 1057 enuntiatorum

189 1096 354 1136 genera
378 1084 496 1125 faeta
522 1087 636 1135 sunt,
664 1097 855 1137 quorum
881 1084 969 1125 duo
994 1084 1087 1137 jam
1112 1086 1302 1126 tractata
1327 1086 1440 1125 sunt.
1491 1083 1621 1125 Euri-

188 1151 331 1206 pideS‚
376 1151 713 1205 Aristophanes,
758 1151 1012 1210 Herodotus
1055 1152 1189 1205 primi
1232 1154 1331 1205 post
1374 1151 1621 1192 Homerum

188 1219 444 1261 huiusmodi
470 1220 696 1261 enuntiata
721 1222 1058 1273 usurpaverunt.
1070 1221 1098 1268 ¹)

291 1306 326 1348 Ι.
357 1306 673 1349 Coniunctivus
699 1298 861 1361 pendet

376 1376 417 1424 a)
446 1388 474 1415 a
498 1370 555 1426 μή

439 1441 476 1491 1)
502 1441 611 1482 Post
636 1443 837 1494 tempora
862 1442 1086 1495 primaria.

437 1509 480 1559 α)
507 1509 781 1550 Indieativus
808 1510 1051 1561 praesentis
1078 1504 1135 1561 μή
1161 1508 1397 1562 praeeedit.

502 1589 534 1625 1.
565 1585 686 1626 Coni.
715 1586 959 1638 praesentis
986 1586 1157 1638 legitur.

239 1663 335 1705 Alo.
368 1664 466 1704 1057
521 1663 671 1715 διπλῆν
698 1663 902 1715 φοβοῖμαι
928 1661 1096 1714 μέμψιν,
1124 1660 1168 1702 ἔκ
1194 1677 1237 1702 τε
1263 1663 1456 1714 δημοτῶν,

523 1725 579 1781 μή
596 1726 657 1776 τίς
683 1722 728 1778 μ’
749 1727 885 1781 ἐλέγχῃ
911 1729 994 1767 κτλ.

291 1804 426 1859 ἐλέγχῃ
464 1809 531 1848 est
567 1807 787 1859 scriptura
825 1806 921 1848 cod.
960 1806 1009 1857 B,
1057 1819 1159 1847 oum
1204 1807 1338 1848 ceteri
1382 1802 1531 1857 ἐλέγχοι
1577 1809 1620 1847 et

186 1871 322 1925 ἐλέγξῃ
365 1874 616 1927 praebeant.
680 1873 794 1914 Cum
837 1873 1116 1915 Kirehhoffio
1161 1876 1204 1914 et
1240 1872 1445 1915 Nauokio
1483 1870 1618 1925 ἐλέγχῃ

186 1941 228 1983 le
261 1954 298 1981 0.

230 1953 260 1993 g
290 2007 406 2050 Med.
436 2009 511 2049 317
566 2000 737 2060 ὖρρωδία
763 2021 835 2057 μοι
861 2003 917 2060 μή
943 2022 984 2046 τι
1010 2004 1198 2060 βουλεύῃς
1223 2006 1359 2046 κακόν.

289 2085 528 2126 Elmsleius
553 2082 751 2137 βουλεύῃς,
779 2086 899 2138 quod
917 2079 1083 2138 requiri
1101 2086 1288 2136 videtur,
1316 2098 1372 2126 ex
1399 2086 1618 2137 scriptura

184 2151 401 2195 librorum
427 2147 640 2206 βουλεύσῃς
664 2152 862 2194 restituit
920 2152 1154 2194 Accedunt
1171 2151 1321 2206 Suppl.
1342 2154 1404 2202 90,
1434 2150 1505 2193 Or.
1528 2153 1615 2192 770.

496 2243 533 2280 2.
563 2239 684 2281 Coni.
714 2241 867 2281 aoristi
891 2240 1072 2292 legitur:

288 2318 405 2359 And.
433 2320 495 2359 48.
528 2320 613 2360 186.
642 2320 730 2360 808.
763 2321 874 2366 1057,
902 2318 969 2359 El.
991 2321 1065 2359 902
1094 2313 1346 2367 (αἰσχύνομαι
1372 2314 1455 2366 μέν,
1483 2312 1539 2368 μή
1565 2314 1617 2365 με’

184 2399 247 2433 τις
272 2380 415 2438 φθόνῳ
432 2380 565 2438 βάλῃ),
592 2384 768 2427 Heracl.
788 2387 852 2436 28,
880 2384 1015 2438 Supp.
1035 2387 1112 2425 544
1137 2384 1251 2435 (bis),
1277 2383 1409 2437 Hipp.
1423 2385 1511 2424 418.
1526 2386 1615 2434 520,

181 2454 221 2495 J.
234 2453 278 2493 Τ.
298 2454 387 2502 732,
414 2452 530 2493 Med.
550 2455 602 2493 40
629 2452 717 2501 (hio
743 2466 784 2492 v.
805 2453 982 2505 spurius
1008 2464 1104 2493 esse
1131 2451 1332 2500 videtur).
1382 2453 1456 2492 118
1475 2451 1615 2502 (ὑπερ-

291 2577 315 2617 ¹)
336 2575 383 2609 cf.
406 2574 566 2609 Goodwin.
587 2576 609 2608 l.
630 2576 653 2607 1.
674 2586 704 2618 p.
727 2576 769 2608 90
790 2586 866 2617 seq„
888 2575 1013 2608 Weber.
1036 2575 1057 2607 l.
1079 2575 1101 2607 1.
1123 2586 1154 2617 p.
1178 2575 1229 2615 67,
1250 2585 1280 2617 p.
1306 2575 1368 2607 114
1389 2584 1455 2616 seq.
