1815 3068
759 159 1015 198 -69-

359 271 402 320 a)
439 270 493 312 In
519 272 629 324 prot.
659 273 743 325 opt.
771 271 912 325 praes.
940 273 1093 313 exstat.

278 338 333 379 In
358 337 465 378 Hec.
501 338 600 379 1132
628 350 722 391 sqq.
755 338 1032 391 Polymestor
1064 340 1252 388 enarrat,
1291 338 1514 390 quomodo
1547 338 1605 379 ab

170 401 363 446 Hecuba
387 406 430 446 et
456 404 556 446 aliis
581 405 841 447 mulieribus
868 404 1069 447 Troianis
1096 404 1179 446 filii
1204 405 1294 445 sint
1313 404 1536 447 ‘interfecti
1563 407 1605 446 et

172 471 268 523 ipse
296 472 434 513 oculis
460 473 659 525 privatus
686 473 753 513 sit.

230 540 330 579 1164
699 536 825 579 παισὶ
850 532 888 577 δ’
920 530 1086 589 ἀρκέσαι
1111 533 1266 590 χρῄζων
1292 534 1414 587 ἐμοῖς,

376 603 412 645 εὶ
437 604 509 656 μὲν
533 602 756 658 πρόσωπον
781 602 1035 657 ἐξανισταίην
1060 601 1166 655 ἐμόν,

375 671 498 724 κόμης
522 673 713 722 κατεῖχον,
740 669 777 711 εἰ
802 670 847 712 δὲ
872 669 1026 725 κινοίην
1048 670 1176 722 χέρας,

375 735 531 792 πλήθει
557 739 753 792 γυναικῶν
779 732 892 780 οὐδὲν
918 733 1036 792 ἤνυον
1061 735 1198 786 τάλας.

276 818 342 859 ΕΟ
371 819 467 870 ipso
497 820 693 871 tempore
712 818 896 859 dixisset
920 814 968 870 ἥν
984 833 1026 867 μ.
1045 833 1115 867 πρ.
1142 815 1334 864 ἐξανιστῶ
1360 814 1400 865 ὲ,
1427 831 1463 855 κ.
1491 814 1607 855 κατέ-

174 884 327 933 χουσιν,
355 878 402 936 ἦν
427 884 462 924 δ.
489 884 587 923 κινῶ
610 899 646 934 χ.
674 881 754 924 κτὲ.

280 961 425 1002 Ceteri
449 961 538 1002 loci
564 961 612 1002 hi
640 964 757 1002 sunt:
787 962 904 1003 And.
933 962 1021 1012 223,
1050 961 1199 1014 Suppl.
1230 964 1319 1013 898,
1338 961 1470 1014 Hipp.
1494 964 1605 1001 1227.

178 1030 291 1080 1230,
318 1028 434 1070 Med.
467 1030 578 1079 1216,
605 1028 673 1070 Tr.
706 1031 816 1070 1004.
849 1031 959 1070 1007.
1020 1029 1026 1032 ·

360 1106 438 1155 aa)
475 1102 511 1144 εὶ
537 1101 593 1157 μή
621 1119 655 1147 0.
688 1109 772 1159 opt.
801 1118 942 1159 praes.
971 1108 1124 1147 exstat.

225 1173 321 1215 Alc.
351 1175 426 1214 755
480 1165 578 1221 ἀλλ’,
606 1168 648 1212 εἶ’
668 1186 711 1212 τε
736 1168 792 1225 μὴ
818 1170 1014 1225 φέρωμεν,
1043 1167 1209 1223 ὤτρυνεν
1234 1170 1378 1225 φέρειν.

276 1250 401 1292 Haec
427 1251 567 1292 verba
591 1250 681 1292 illis
708 1250 976 1305 respondent
1009 1244 1057 1303 ἥν
1083 1264 1125 1290 τε
1149 1247 1204 1303 μὴ
1238 1248 1428 1304 φέρωμεν,
1457 1244 1606 1300 ὀτρύνει

173 1331 217 1370 φ.
246 1320 318 1367 (sc.
344 1312 582 1370 ςΗρακλῆς).
635 1319 823 1360 Accedit
847 1319 887 1359 J.
916 1319 971 1359 A.
1000 1321 1087 1359 341.

360 1396 406 1444 b)
446 1397 531 1448 opt.
561 1407 649 1436 aor.
679 1397 839 1435 exstat:

276 1462 316 1503 J.
354 1461 398 1501 T.
439 1463 526 1502 325.
567 1463 662 1512 326,
699 1461 863 1502 Phoen.
907 1464 1024 1512 1384,
1066 1461 1208 1513 fragg.
1248 1464 1336 1502 222.
1376 1464 1452 1503 813
1490 1475 1529 1501 v.
1573 1467 1605 1502 1.

176 1528 433 1582 Optativum
486 1541 574 1569 aor.
630 1529 909 1570 coniunctivo
964 1541 1053 1569 aor.
1108 1529 1374 1581 respondere
1424 1541 1606 1571 consen—

174 1597 354 1637 taneum
381 1598 456 1637 est.

279 1673 317 1723 3)
355 1657 410 1714 In
434 1672 654 1726 particula
679 1668 716 1711 εἶ
743 1673 811 1713 vis
838 1673 1156 1724 interrogativa
1180 1673 1304 1715 inest.

225 1750 323 1791 Hel.
354 1751 428 1790 737
482 1743 663 1801 ἄγγειλον
686 1746 819 1788 ἐλθών
843 1751 930 1796 τοῖς
955 1748 1222 1799 λελειμμένοις
1247 1747 1371 1803 φίλας

356 1819 431 1858 738
483 1809 574 1855 τάδ’
604 1809 659 1863 ὥς
684 1810 822 1865 ἕζονθ’
851 1809 1019 1869 εὕρηκας
1044 1807 1091 1856 οὗ
1117 1810 1155 1855 τ’
1185 1813 1303 1867 ἐσμὲν
1328 1813 1455 1869 τύχης,

355 1887 428 1924 741
483 1880 544 1922 κεῖ
570 1879 685 1936 τήνδε
710 1898 800 1930 πως
826 1877 1038 1933 δυναίμεθ’
1069 1882 1266 1936 ἐκκλέψαι
1288 1880 1445 1934 χθονός,

358 1953 433 1991 742
487 1952 680 2002 φρουρεῖν,
708 1944 822 1998 ὅπως
848 1945 897 1989 ἂν
922 1948 1002 1990 κτὲ.

278 2028 340 2069 Cf.
371 2041 463 2081 cap.
491 2028 526 2079 I,
560 2030 595 2069 3.
650 2028 700 2069 L.
728 2029 988 2070 Dindorfius
1016 2042 1070 2070 ex
1089 2027 1160 2067 καὶ
1177 2025 1292 2081 ττζνδε
1310 2029 1401 2076 πῶς
1417 2030 1607 2071 restituit

173 2092 235 2134 κεί
261 2091 375 2148 τήνδε
401 2109 498 2142 πως.

223 2198 292 2240 ΙΠ.
332 2199 455 2241 Post
481 2195 539 2246 εἶ,
573 2195 614 2238 εἰ
641 2195 743 2251 γάρ,
770 2195 892 2247 εἴθε,
920 2200 1184 2252 optativus
1213 2201 1275 2250 (et
1303 2213 1401 2241 uno
1429 2200 1547 2242 loco

172 2267 553 2315 coniunctivus)
587 2267 641 2307 in
673 2268 947 2308 sententiis
978 2268 1261 2318 invenitur,
1301 2268 1490 2320 quibus
1518 2280 1605 2320 op-

534 2335 637 2376 tari
663 2334 867 2387 aliquid
893 2334 1243 2387 significatur.

274 2414 473 2468 Langius
499 2416 544 2457 in
574 2416 890 2467 dissertatione,
919 2417 1044 2458 cuius
1071 2428 1207 2471 supra
1223 2418 1492 2459 mentionem
1509 2417 1605 2469 feci,

170 2484 253 2525 has
279 2484 520 2537 particulas
547 2498 638 2525 non
663 2486 867 2537 primitus
886 2486 1212 2527 condicionales
1230 2498 1338 2536 esse,
1362 2499 1504 2538 neque
1522 2486 1605 2527 has

171 2551 491 2593 enuntiationes
536 2563 631 2593 esse
676 2541 999 2603 secundariasJ
1025 2554 1142 2594 recte
1187 2552 1457 2595 conclusisse
1494 2552 1606 2595 mihi
