1815 3047
819 126 1053 165 -8-

218 237 363 288 beant,
402 238 480 278 ubi
517 237 585 275 ἵνα
623 238 689 279 sic
725 241 992 291 usurpatum
1019 241 1096 280 est.
1151 239 1239 281 Sed
1266 239 1588 293 Aristophanes
1615 240 1658 280 et

216 317 356 357 paene
383 316 537 346 omnes
564 305 802 358 scriptores
831 305 1042 347 orationis
1076 305 1247 347 solutae
1272 306 1411 348 Attici
1442 307 1487 348 et
1515 305 1656 348 Hero-

218 372 348 412 dotus
375 370 443 410 ῗνα
470 371 787 423 praetulerunt,
824 371 1106 423 Thucydides
1133 373 1177 412 et
1202 371 1471 464 Xenophon
1480 374 1656 425 saepius

215 432 329 485 ὅπως
356 437 659 482 adhibuerunt
684 451 820 492 quam
847 437 915 477 ἵνα
942 440 986 481 et
1012 452 1067 485 ως
1076 439 1117 489 1)

318 505 409 547 Ubi
436 506 673 547 consilium
698 505 977 557 exprimitur,
1008 505 1078 543 ἵνα
1104 517 1351 558 numquam
1378 518 1482 547 011111
1506 506 1656 548 futuro

214 572 512 627 conjungitur,
530 572 756 614 interdum
773 574 923 614 tamen
934 584 1038 614 cum
1055 572 1291 626 praeterito
1308 571 1544 616 indicativi.
1552 585 1656 616 0011-

214 642 411 691 struitur,
439 641 517 681 ubi
544 640 599 680 de
626 640 863 692 praeterito
890 651 1037 680 sermo
1065 642 1142 681 est.

405 738 438 775 1.
484 733 592 775 Post
618 735 821 787 tempora
846 734 1112 787 primaria2).

402 807 444 856 α)
483 807 781 859 Imperativus
808 807 855 847 in
884 807 1110 847 enuntiato
1137 807 1279 848 libero
1307 809 1461 848 exstat.

1134 882 1444 904 ''''''

591 952 712 1008 δούλη
740 956 894 1007 γεγῶσα
921 949 1087 1009 μήποθ’
1117 949 1291 1008 ὑβρίζειν
1316 953 1468 1009 μάθῃς.

320 1049 474 1091 Verba
501 1051 604 1090 sunt
629 1044 834 1091 Menelai.
873 1049 924 1092 Si
937 1059 1002 1091 ea
1028 1050 1141 1091 ratio
1167 1050 1283 1091 inter
1300 1050 1504 1092 membra
1522 1049 1656 1092 huius

212 1118 385 1172 periodi
403 1117 647 1169 intercedit,
675 1129 790 1171 quae
808 1119 874 1159 est
891 1118 1006 1159 inter
1025 1129 1209 1159 causam
1226 1119 1269 1159 et
1287 1118 1383 1174 eius
1402 1118 1656 1170 effectum³),

211 1197 320 1225 vera
358 1187 489 1236 atque
527 1186 709 1236 propria
746 1184 1013 1235 significatio
1051 1185 1293 1225 verborum
1328 1184 1441 1225 haec
1467 1187 1550 1225 est:
1590 1186 1659 1225 abi

210 1253 313 1293 hanc
350 1252 521 1293 domum:
563 1253 619 1292 sie
656 1251 778 1292 disces
818 1252 897 1293 eto.
963 1249 1052 1293 Sed
1090 1263 1191 1293 cum
1236 1251 1454 1293 sententia
1489 1251 1553 1294 sic
1589 1251 1657 1293 in-

210 1319 355 1370 telligi
380 1319 531 1370 possit,
568 1319 638 1358 vis
676 1318 824 1358 finalis
856 1318 1093 1358 manifesta
1119 1320 1194 1358 est.
1249 1318 1308 1358 Et
1334 1319 1448 1358 actio
1476 1318 1657 1370 quidem

213 1385 479 1439 exprimitur
506 1381 656 1437 (ἕρπε),
695 1396 785 1438 qua
822 1383 1057 1426 eonsilium
1083 1383 1277 1434 Menelai
1303 1383 1570 1438 perficiatm,
1608 1386 1658 1426 ut

212 1454 494 1494 enuntiatum
520 1465 706 1493 revera
732 1452 866 1492 finale
894 1453 962 1492 sit.

317 1529 546 1572 Particula
572 1529 783 1581 negativa
807 1523 864 1582 μή
892 1540 995 1571 011111
1027 1528 1093 1567 ἵνα
1121 1540 1212 1571 11011
1238 1528 1551 1581 coniungenda
1576 1530 1653 1571 est.

211 1598 288 1640 Sic
327 1600 550 1639 construe:
597 1597 664 1635 ἵνα
708 1592 850 1648 μάθῃς
892 1589 1057 1648 μήποθ’
1105 1589 1286 1646 ὑβρίζειν.
1341 1595 1405 1637 Cf.
1443 1596 1511 1637 Tr.
1553 1599 1649 1638 1041

213 1665 253 1704 ἵν
280 1662 390 1717 εἰδῇς
415 1660 471 1717 μὴ
498 1659 778 1713 καταισχύνειν
805 1660 885 1713 ἐμέ,
914 1666 957 1704 et
982 1662 1116 1716 Hipp.
1146 1665 1233 1704 729.

318 1759 386 1800 El.
420 1761 495 1798 140
544 1755 621 1804 Θὲς
646 1753 737 1796 τόδε
763 1762 895 1805 τεῦχος
922 1755 1019 1809 ἐμῆς
1051 1749 1139 1796 ἀπὸ
1165 1752 1311 1807 κρατὸς
1337 1752 1375 1795 ἓ-

543 1817 678 1876 λοῢσ’,
707 1824 774 1863 ἵνα
802 1821 932 1875 πατρὶ
961 1819 1076 1875 γόους
1102 1820 1256 1872 νυχίους

541 1887 841 1943 ἐπορθοβοάσω

543 1955 663 2007 ἰαχὰν
690 1952 835 2000 domem
861 1956 981 2007 μέλος
1004 1951 1138 1997 Ἀίδα.

314 2054 382 2095 De
411 2054 559 2095 verbis
587 2053 791 2095 Electrae
823 2050 899 2099 θὲς
925 2067 959 2091 τ.
989 2067 1024 2092 τ.
1054 2066 1084 2091 ε.
1115 2066 1155 2090 α.
1185 2047 1265 2090 ms.
1297 2051 1383 2093 viri
1414 2051 1533 2093 docti
1560 2051 1651 2093 dis-

209 2122 417 2164 sentiunt.
471 2121 500 2162 J
503 2120 702 2161 ohannes
736 2120 967 2161 Vahlenus
1005 2120 1053 2161 in
1078 2119 1235 2165 indice
1272 2119 1512 2161 lectionum
1545 2120 1653 2161 anni

317 2267 340 2308 ¹)
363 2266 411 2300 Cf.
443 2263 573 2298 Weberi
604 2266 724 2298 librum
757 2276 852 2308 quem
889 2265 1055 2307 inscripsit
1089 2263 1559 2306 „Entwiekelungugenohiohte
1596 2263 1654 2296 der

208 2317 485 2358 Absichtssfitzef‘
520 2317 612 2358 1884,
634 2328 664 2360 p.
689 2317 758 2350 101.

314 2381 341 2419 ²)
362 2380 519 2423 Tempora
540 2380 745 2421 eonjunctivi,
778 2380 934 2412 aoristum
956 2381 990 2411 et
1010 2388 1165 2422 praesens
1186 2380 1220 2411 et
1240 2378 1430 2421 perfectum,
1462 2387 1527 2410 non
1548 2386 1649 2409 00001-

208 2442 284 2464 nam
305 2432 444 2464 alterum
466 2431 507 2463 ab
523 2431 634 2464 altero.
662 2430 733 2464 Hoc
754 2432 864 2463 tamen
884 2430 919 2463 in
940 2429 1118 2463 enuntiatis
1134 2429 1403 2463 conditionalibus
1416 2428 1548 2470 gravius
1568 2427 1650 2461 mihi

207 2482 344 2517 videtur.
387 2483 434 2516 Cf.
457 2483 550 2516 infra.

313 2534 340 2575 ³)
363 2534 409 2568 cf.
433 2545 540 2578 supra.
