1815 3047
770 94 1032 131 -22-

179 206 505 247 Modaladverb
546 200 609 256 ἄν,
647 218 726 246 um
764 207 1046 258 anzuzeigem
1086 206 1191 247 dass
1229 205 1311 246 das
1342 205 1622 257 Ausgesagte

181 286 271 318 von
309 273 588 320 Umstanden
632 272 862 325 abhangig
898 272 1114 325 (bedingt)
1157 271 1252 314 ist.“
1307 272 1366 314 Et
1400 273 1561 314 iterum
1569 271 1621 323 ¹):

182 341 307 391 „Den
334 339 820 392 Finalkonjunktionen
860 333 915 385 ὥς
956 339 1053 380 und
1090 332 1203 384 ὅπως
1238 340 1320 379 mit
1358 339 1460 380 dem
1487 338 1620 392 Konj.

179 407 274 448 und
302 406 400 459 opt.
428 406 547 447 wird
584 406 802 448 zuweilen
840 406 922 448 das
961 404 1285 447 Modaladverb
1325 398 1375 444 ἂν
1410 405 1620 459 hinzugc-

178 474 350 527 gefiigt;
388 474 463 515 bei
489 473 594 515 dem
622 473 719 527 Opt.
749 474 856 515 aber
887 472 1118 526 geschieht
1144 472 1239 514 dies
1267 463 1407 514 selten
1433 473 1506 515 bei
1534 473 1622 515 den

176 541 399 582 Attikern.
444 533 525 579 ''Av
550 541 703 582 weisst
735 540 816 581 auf
845 541 973 581 einen
1005 539 1069 590 [in
1097 539 1176 581 der
1202 539 1344 591 Regel
1368 539 1494 581 nicht
1520 542 1636 581 aus-'

176 607 468 660 gedriickten‚
498 607 692 648 sondern
719 606 986 658 gedachten]
1003 606 1313 658 bedingenden
1332 605 1435 649 Satz
1461 605 1622 664 hin.“²)

177 675 498 717 Coniunctivus
525 676 620 728 ipse
638 676 696 716 ab
723 675 801 716 illo
830 676 924 716 sine
952 668 1002 713 ὄῖν
1018 676 1232 727 usurpato
1255 673 1369 715 nihil
1387 674 1620 727 discrepat,

175 755 319 795 neque
348 742 477 783 aliter
504 742 796 794 explicandus
833 744 909 782 est.
956 740 1079 790 Quae
1106 753 1179 782 res
1205 743 1256 798 ut
1283 741 1621 792 demonstretur,

174 810 263 850 loci
291 809 526 862 Euripidei
553 809 829 850 accuratiore
856 821 966 850 cura
992 810 1131 861 egent.

227 887 325 928 Alc.
355 890 432 928 739
486 880 601 939 ἡμεῖς
627 884 683 933 δέ,
710 879 803 925 τούν
829 884 955 925 ποσὶν
981 883 1057 937 γὰρ
1084 883 1240 926 οἰστέον
1265 884 1399 935 κακόν,

481 950 704 1003 στείχωμεν,
732 946 788 998 ὥς
815 946 865 991 ἂν
891 951 932 991 ἐν
958 953 1070 1005 πυρᾷ
1096 953 1235 1003 θῶμεν
1262 949 1406 1004 νεκρόν.

281 1037 445 1086 Eamus,
489 1040 544 1084 ut,
588 1038 625 1077 si
668 1049 803 1076 revera
846 1036 916 1076 hoc
958 1036 1100 1076 malum
1143 1038 1345 1086 ferendum
1381 1039 1445 1085 sit,
1484 1049 1623 1087 corpus

176 1105 454 1144 comburamus.
507 1103 728 1144 Admetus
766 1102 1041 1144 Alcestidem
1078 1103 1213 1154 effert,
1258 1105 1307 1144 ut
1345 1116 1445 1145 eam
1476 1104 1622 1157 sepul-

176 1174 278 1213 tura
322 1171 499 1212 afficiat.
554 1170 738 1221 Malum,
777 1170 898 1223 quod
934 1171 1002 1212 illi
1039 1171 1212 1222 accidit,
1250 1173 1425 1213 tantum
1457 1174 1534 1223 est,
1573 1174 1623 1212 ut

175 1238 436 1279 incredibile
480 1238 697 1279 videatur.
758 1237 883 1286 Quae
928 1239 1048 1278 notio
1095 1239 1316 1289 defuisset,
1354 1240 1393 1279 si
1437 1239 1624 1279 dixisset

177 1305 437 1358 simpliciter
464 1298 517 1351 ὡς
544 1302 575 1343 ε’.
604 1320 651 1342 π.
680 1306 726 1343 θ.
756 1319 787 1343 ν.

281 1383 398 1423 And.
426 1386 501 1423 715
557 1379 783 1434 φθείρεσθε
809 1382 938 1433 τῆσδε,
973 1382 1109 1431 δμῶες,
1137 1376 1191 1429 ὡς
1218 1376 1268 1421 ἂν
1294 1379 1464 1432 ἐκμάθω

175 1446 217 1488 εἷ’
239 1447 302 1497 τίς
319 1463 369 1500 με
385 1445 494 1489 λύειν
520 1449 640 1502 τῆσδε
665 1445 835 1489 κωλύσει
860 1448 988 1502 χέρας.
1034 1450 1068 1492 Ι.
1082 1463 1116 1491 e.
1142 1444 1238 1489 ἕταν
1257 1447 1409 1504 ἐκείνην
1429 1446 1539 1490 λύσω
1550 1451 1622 1492 vel

177 1517 439 1570 πειράσωμαι
467 1514 584 1557 λύειν.
640 1518 760 1559 Nam
786 1518 945 1559 Peleus
972 1531 1063 1559 non
1086 1522 1196 1570 sciet,
1231 1531 1289 1560 an
1315 1518 1545 1561 Menelaus
1574 1531 1622 1560 se

176 1586 393 1639 impedire
423 1586 660 1638 quominus
687 1585 1056 1626 Andromacham
1088 1585 1246 1626 liberet
1277 1587 1524 1627 tentaturus
1552 1587 1620 1636 sit,

176 1654 440 1707 priusquam
466 1652 588 1694 illius
617 1654 796 1694 catenas
824 1652 996 1694 solvere
1033 1653 1260 1706 inceperit.
1314 1652 1542 1695 Particula
1568 1647 1624 1691 ἄν

178 1721 331 1761 locum
358 1721 575 1760 enuntiati
601 1719 858 1771 temporalis
885 1720 959 1760 vel
986 1720 1297 1760 conditionalis
1326 1720 1544 1770 obtinet3).

231 1801 393 1844 Bacch.
425 1804 501 1843 355
555 1794 708 1851 κᾶνπερ
734 1796 893 1854 λάβητε,
921 1798 1086 1851 δέσμιον
1112 1796 1335 1853 πορεύσατε

552 1861 659 1920 δεῦρ’
690 1861 821 1917 αὐτόν,
850 1862 904 1914 ὥς
932 1862 981 1906 ἶὶν
1008 1866 1195 1918 λευσίμου
1222 1866 1336 1921 δίκης
1362 1865 1488 1917 τυχών

555 1931 675 1987 θάνῃ.

285 2014 515 2056 Particula
553 2007 602 2052 ἂν
640 2014 700 2055 ad
743 2014 1020 2055 enuntiatum
1063 2007 1218 2065 κᾶνπερ,
1250 2009 1398 2066 λάβητε
1433 2013 1516 2053 κτλ.
1555 2027 1621 2056 re·

178 2083 330 2123 fertur.

232 2159 395 2201 Bacch.
426 2161 502 2201 509
760 2152 999 2234 καθείρξατ’
1030 2151 1150 2198 αὐτὸν
1179 2172 1377 2205 ιππικαις
1402 2156 1533 2206 πέλας

541 2222 770 2276 φάτναισιν,
799 2240 854 2272 ως
880 2240 930 2265 αν
957 2221 1116 2265 σκότιον
1141 2223 1281 2278 εἰσορᾷ
1305 2224 1466 2279 κνέφας.

639 2292 660 2316 δ

290 2355 298 2372 ¹
556 2374 563 2381 -

287 2353 313 2444 ²3
334 2352 559 2436 Ildlulicpuffffi
581 2414 600 2436 a
628 2404 763 2437 relativo
790 2414 816 2436 c.
844 2399 891 2436 ἄν
918 2402 986 2444 (κε)
1013 2405 1121 2436 ortum
1152 2413 1223 2436 esse
1254 2403 1334 2436 mihi
1366 2403 1494 2436 videtur
1524 2402 1626 2447 manif

182 2455 300 2488 festum
324 2466 403 2489 esse.
443 2455 491 2490 Cf.
512 2455 768 2490 Baeumleim’um
789 2456 811 2489 1.
834 2456 856 2488 1.
878 2466 910 2498 p.
926 2454 997 2488 218.

289 2508 315 2547 3)
337 2507 384 2541 cf.
406 2507 490 2541 And.
515 2508 605 2546 1254,
628 2508 671 2540 H.
693 2509 714 2540 f.
738 2501 807 2545 725,
831 2507 917 2549 Cycl.
942 2507 1011 2540 155.
1034 2507 1105 2548 634,
1126 2507 1189 2541 Rh.
1211 2507 1283 2540 420.
1304 2507 1378 2549 473,
1402 2506 1475 2539 Tro.
1497 2506 1548 2538 86.
