1815 3047
773 139 1031 179 —50-

181 237 467 304 cessivoinm,
496 264 686 306 quorum
712 251 760 293 in
787 251 925 293 altero
952 244 1038 299 κᾶν,
1065 252 1113 293 in
1131 251 1272 294 altero
1295 243 1341 292 οὗ
1368 249 1412 291 δέ
1437 249 1626 293 adhibe-

179 322 264 361 tur.
321 318 386 360 Cf.
414 318 591 360 Heracl.
621 320 683 359 67.
714 320 802 369 342,
829 318 871 360 J.
899 318 952 359 A.
982 320 1045 368 33,
1071 317 1140 359 Tr.
1173 320 1285 368 1069,
1312 317 1475 369 Phoen.
1507 319 1626 368 1657,

182 387 294 439 frag.
325 388 413 427 797.

284 452 522 505 Euripides
540 463 890 505 nonnumquam,
909 454 960 493 ut
981 452 1225 493 orationem
1243 453 1446 503 variaret,
1465 452 1625 494 eadem

179 519 364 576 periodo
392 519 740 561 enuntiationem
757 518 1045 571 temporalem
1064 530 1168 560 cum
1194 518 1491 563 condicionali
1518 532 1622 561 con-

183 588 339 628 iunxit.

230 655 271 696 J.
299 654 353 695 A.
384 655 461 694 828
514 650 586 691 καὶ
612 653 699 699 τοῖς
721 645 960 704 Ἀτρείδαις,
987 646 1035 705 ἢν
1060 650 1132 702 μὲν
1158 645 1335 705 ἡγῶνται
1360 652 1504 701 καλῶς,

508 712 745 770 πεισόμεθ’,
773 713 869 758 ὅταν
895 718 940 759 δὲ
964 716 1020 771 μὴ
1046 719 1188 767 καλῶς,
1216 711 1262 758 οὗ
1288 716 1535 771 πείσομαι.1)

287 787 351 830 Cf.
379 786 548 829 ibidem
579 789 691 828 1174.

369 855 439 903 aa)
467 854 576 894 Post
602 847 650 905 ἢν
675 852 744 905 μή.

237 921 334 963 Hel.
368 922 468 964 1393
720 914 848 959 ταύτὰ
876 916 950 972 γὰρ
977 915 1168 971 παροῦσά
1196 934 1239 960 τε

488 983 656 1037 πράξεις
682 984 752 1026 τὸν
778 981 902 1038 ἄνδρα
929 984 996 1026 τὸν
1024 984 1095 1026 σὸν
1121 982 1169 1039 ἥν
1195 1001 1238 1027 τε
1263 984 1319 1040 μὴ
1346 988 1493 1041 παρῇς.

233 1048 548 1107 παροῦσαεῆν
565 1055 711 1108 παρῇς.
747 1054 892 1096 Ceteri
903 1055 990 1096 loci
1008 1057 1127 1096 sunt:
1156 1055 1369 1106 And.432,
1392 1055 1432 1097 J.
1441 1056 1494 1097 A.
1506 1058 1624 1097 1025.

370 1123 450 1173 affl)
476 1122 531 1163 In
559 1122 744 1175 apodosi
770 1134 980 1175 praesens
1006 1123 1243 1163 invenitur.
1552 1163 1554 1165 ,

284 1191 339 1231 In
375 1190 507 1231 Herc.
536 1190 563 1230 f.
597 1192 697 1231 1282
742 1192 809 1230 est
845 1202 911 1230 en.
952 1190 1271 1241 concessivum,
1299 1192 1529 1242 praeterea
1573 1190 1622 1230 in

180 1258 346 1299 Phoen.
390 1260 465 1298 777
475 1272 484 1308 ;
537 1249 623 1296 οὐδ’
653 1250 701 1310 ἥν
743 1258 791 1298 in
828 1256 959 1310 Hipp.
990 1259 1066 1299 995
1104 1257 1338 1298 invenitur.
1403 1256 1619 1298 Enuntia-

179 1327 322 1366 tiones
348 1325 675 1366 condicionales
703 1324 774 1365 his
801 1324 911 1366 locis
938 1326 1128 1365 exstant:
1156 1325 1274 1365 And.
1298 1326 1384 1375 163,
1411 1324 1508 1365 Hel.
1531 1327 1620 1365 506.

184 1394 296 1434 1388.
329 1394 427 1433 1637
463 1388 551 1444 (χρὴ
585 1387 762 1440 δικάζειν
794 1392 1122 1445 supplendum),
1166 1391 1344 1434 Heracl.
1372 1393 1459 1442 159,
1496 1391 1536 1433 J.
1565 1391 1623 1432 A.

185 1463 300 1511 1271,
332 1460 373 1501 J.
402 1459 446 1499 Τ.
477 1462 567 1510 910,
598 1459 699 1501 Jon.
729 1462 817 1510 674,
854 1459 973 1512 Cycl.
1002 1462 1092 1511 427,
1126 1459 1199 1501 Or.
1229 1461 1316 1501 685.
1346 1462 1435 1500 778.

285 1527 340 1568 In
366 1527 407 1568 J.
435 1526 480 1567 T.
511 1529 588 1567 754
642 1519 731 1565 ἀλλ’
782 1517 896 1574 αὖτις
939 1523 1053 1566 ἔσται
1097 1522 1246 1576 καινός,
1291 1519 1339 1580 ἢν
1374 1526 1506 1574 καλῶς
1542 1523 1628 1580 ἔχῃ,

183 1595 305 1646 quod
342 1594 539 1645 intellegi
566 1595 730 1646 nequit,
757 1594 944 1635 Bothius
973 1588 1081 1640 οὔτις
1107 1589 1190 1633 ἔστ’
1222 1588 1387 1645 ἄκαιρος
1420 1596 1624 1645 restituit,

184 1674 288 1703 cum
315 1662 504 1702 verteret
533 1660 796 1712 „Enimvero
824 1661 974 1702 nullus
1007 1673 1151 1703 sermo
1184 1662 1517 1715 intempestivus
1544 1663 1624 1712 est,

183 1730 221 1769 si
249 1729 360 1769 bene
392 1727 551 1776 habet“
593 1727 930 1776 (Weckleiniusz
977 1729 1073 1770 eine
1099 1731 1216 1780 ›gute
1242 1728 1531 1780 Bemerkung
1565 1729 1630 1769 ist

184 1795 345 1835 immer
372 1793 674 1846 angebracht).

289 1861 344 1902 In
361 1861 538 1902 Heracl.
561 1863 637 1902 263
664 1874 753 1902 non
782 1874 877 1903 esse
904 1875 970 1903 en.
992 1862 1297 1904 condicionale
1324 1874 1461 1915 supra
1479 1861 1627 1912 dixi.²)-

375 1930 472 1980 aass)
500 1928 609 1969 Post
635 1922 683 1981 ἣν
702 1925 812 1981 μήε3)

296 1996 362 2037 El.
396 1998 508 2047 1075,
535 1996 576 2038 J.
605 1996 659 2037 A.
692 1999 805 2048 1271,
832 1996 948 2038 Med.
981 1999 1094 2039 1362.

376 2065 447 2115 ay)
475 2064 529 2104 In
556 2076 624 2117 ap.
652 2064 897 2122 perfectum
923 2065 1159 2106 invenitur.

291 2130 398 2172 Post
426 2124 492 2183 ἢκ
526 2130 628 2172 ΗΘ1.Δ
655 2134 744 2182 981,
771 2131 854 2173 Rh.
885 2134 974 2183 572,
1001 2132 1053 2173 fi.
1084 2134 1172 2173 775.
1201 2145 1242 2172 v.
1273 2134 1307 2172 3.

294 2235 317 2274 ¹)
339 2234 455 2268 Cetera
476 2234 622 2277 exempla
643 2235 723 2268 coni.
746 2236 925 2278 praesentis
946 2237 1037 2268 sunt:
1058 2235 1142 2268 And.
1163 2234 1236 2269 338.
1255 2235 1327 2268 432.
1349 2234 1423 2275 442,
1443 2234 1561 2268 Bacch.
1576 2234 1634 2275 52,

188 2286 269 2319 Hec.
291 2286 366 2324 399,
386 2286 462 2320 Hel.
484 2286 557 2327 508,
579 2286 628 2319 El.
652 2286 724 2328 638,
750 2286 880 2321 Hel-acl.
901 2288 951 2320 47.
975 2287 1045 2320 424.
1069 2287 1142 2328 516,
1168 2286 1268 2330 Hipp.
1290 2287 1362 2323 505,
1388 2286 1418 2320 J.
1439 2286 1480 2320 A.
1501 2285 1575 2327 928,
1597 2285 1629 2318 J.

187 2338 223 2371 Τ.
246 2338 317 2372 387.
345 2339 417 2379 754,
444 2339 518 2372 Jon.
541 2339 611 2371 596.
636 2339 727 2377 1309,
757 2338 842 2380 cycl.
865 2339 936 2380 217,
958 2340 1044 2372 Med.
1066 2340 1138 2380 391,
1165 2338 1219 2373 Or.
1242 2340 1313 2377 559,
1340 2339 1393 2373 Tr.
1416 2338 1487 2379 701,
1509 2338 1630 2371 Phocn.

186 2390 258 2430 559,
279 2389 363 2431 frag.
386 2390 458 2423 945.

293 2442 320 2483 ²)
341 2441 405 2475 His
427 2442 506 2475 locis
529 2443 662 2476 verbum
683 2446 786 2477 caretz
814 2442 868 2478 Or.
886 2444 948 2478 236
969 2461 1021 2486 -,
1047 2444 1132 2478 And.
1154 2443 1226 2483 689,
1252 2443 1326 2477 Hel.
1351 2443 1441 2480 1425,
1462 2441 1512 2476 El.
1535 2440 1631 2479 1016,

191 2492 302 2538 Suppl.
325 2494 398 2534 389,
421 2495 451 2528 J.
473 2495 513 2528 A.
538 2495 630 2529 1016.
655 2495 745 2529 1344.
770 2496 862 2538 1380,
882 2496 945 2530 Rh.
968 2497 1038 2531 521.
1062 2495 1138 2531 ἐστί
1159 2497 1209 2530 vel
1237 2495 1306 2531 εἰσί
1333 2494 1546 2539 supplendum
1566 2495 1635 2527 est-

295 2547 321 2586 ³)
343 2546 381 2579 In
402 2547 442 2580 fr.
464 2547 527 2579 294
550 2544 625 2580 ἐστι’
646 2549 697 2580 est
718 2548 990 2583 subaudiendum.
