1815 3047
809 124 1067 162 *60*

267 236 331 276 El.
365 239 438 276 109
574 257 576 259 ·
705 230 919 283 ἑζώμεσθα
946 228 1260 283 κάκπυθώμεθα

492 299 631 352 δούλης
657 296 856 353 γυναικός,
885 296 932 353 ἧν
957 316 997 341 τι
1025 295 1247 351 δεξώμεσθ’
1278 297 1376 347 ἔπος

490 361 660 419 ἐφόἷσι,
687 366 867 418 Πυλάδη,
895 361 1006 419 τήνδ’
1038 360 1250 419 ἀφίγμεθα
1275 363 1421 415 χθόνα.

317 446 466 486 Etiam
491 446 612 486 hunc
641 445 791 487 locum
820 445 1060 495 attulimus,
1088 445 1170 486 etsi
1193 439 1243 494 ἵν
1269 457 1324 485 ex
1351 442 1657 492 ἐκπυθώμεσθα

212 513 385 566 pendet.
443 511 506 554 Cf.
538 512 728 565 anglice:
755 512 786 554 J
810 512 1018 565 inquil-ed
1046 511 1095 553 of
1116 511 1210 552 him
1236 511 1280 562 if,
1309 513 1388 552 etc.

264 590 319 631 H.
348 591 375 631 f.
406 593 483 631 278
918 589 989 641 τῆς
1015 583 1053 628 δ’
1083 587 1191 641 ἐμῆς,
1219 585 1487 640 Ἀμφιτρύων,

533 652 694 708 γνώμης
720 649 909 704 ἄκουσον,
936 650 985 707 ἢν
1011 669 1051 694 τι
1079 668 1145 694 σοι
1173 655 1278 694 δοκῶ
1304 652 1441 706 λέγειν.

319 733 486 776 Similis
514 735 580 775 est
607 732 705 774 Hel.
738 734 838 774 1049
868 726 1048 781 ὅκοι-σον,
1077 726 1125 785 ἤν
1141 747 1181 771 τι
1200 730 1270 771 καὶ
1289 728 1382 784 γυνὴ
1401 730 1492 783 λέξῃ
1517 727 1654 781 σοφόν.

213 801 268 842 Η.
300 814 348 851 e.‚
378 800 445 838 ἵνα
473 797 582 852 εἰδῇς
608 796 688 838 κτὲ.

266 878 381 920 Med.
413 880 488 920 389
678 871 837 928 aalma?
867 869 939 917 οὖν
965 875 1023 916 ἔτι
1053 874 1215 929 σμικρὸν
1239 877 1385 929 χρόνον,

533 939 585 997 ἢν
611 944 684 994 μέν
710 959 772 991 τις
798 939 893 996 ἡμῖν
919 941 1071 996 πύργος
1098 938 1286 997 ἀσφαλὴς
1313 945 1434 997 φανῇ,

531 1007 636 1064 δόλῳ
662 1014 819 1062 μέτειμι
847 1007 963 1051 τόνδε
989 1010 1059 1051 καὶ
1088 1012 1180 1065 σιγῇ
1206 1007 1338 1064 φόνον.

532 1089 595 1130 Cf.
626 1101 762 1143 supra
788 1089 848 1130 ad
874 1090 989 1130 And.
1020 1092 1082 1130 44.

264 1168 451 1208 Accedit
480 1167 552 1207 Or.
585 1169 685 1207 1218
739 1162 921 1218 φύλασσε
948 1161 986 1205 δ’
1016 1161 1064 1218 ἢν
1090 1181 1152 1211 τις

583 1236 683 1275 1220
736 1230 869 1272 ἐλθών
896 1231 936 1280 ἐς
964 1229 1098 1280 οἴκους
1124 1234 1228 1287 φθῇ.

399 1324 441 1371 4)
479 1321 602 1361 Num
630 1322 740 1361 coni.
771 1324 869 1373 post
891 1319 926 1359 εἰ
945 1322 1210 1373 particulam
1229 1322 1348 1373 apud
1366 1322 1516 1373 Eurip.
1537 1324 1655 1362 recte

482 1388 667 1440 legatur.

313 1467 367 1508 In
397 1466 470 1508 Or.
503 1468 605 1507 1534
643 1478 746 1507 cum
784 1466 911 1507 codd.
953 1466 1201 1518 complures
1243 1467 1484 1518 scripturas
1525 1478 1651 1518 prae-

208 1536 356 1585 beant,
388 1535 434 1576 in
463 1534 507 1575 A
533 1534 696 1586 legitur
722 1526 826 1583 κάμὲ
858 1529 913 1586 μὴ
942 1528 1081 1581 σώζειν
1108 1530 1211 1586 θέλῃ
1239 1547 1297 1584 γρ.
1326 1526 1430 1582 κάμὲ
1456 1529 1511 1585 μὴ
1540 1528 1650 1587 σώση

212 1603 365 1647 θανεῖν,
393 1602 441 1641 in
468 1601 506 1641 B
534 1594 638 1649 κάμὲ
668 1597 723 1651 μὴ
762 1596 872 1651 σώσῃ
900 1602 1054 1638 θανεῖν.
1112 1600 1344 1640 Assentior
1371 1600 1653 1641 Kirchhoffio

210 1670 274 1711 sic
301 1669 467 1720 legenti

265 1748 365 1787 1533
403 1742 440 1783 εἱ
468 1740 545 1796 γὰρ
570 1738 774 1795 Ἀργείους
800 1740 948 1791 ἐπάξει
975 1744 1109 1783 τοῖσδε
1136 1738 1319 1793 διόμασιν
1346 1740 1488 1794 λαβών,

265 1815 366 1855 1534
403 1809 472 1851 τὸν
494 1805 649 1864 Ἑλένης
676 1807 798 1864 φόνον
824 1807 990 1859 διώκων,
1018 1804 1122 1861 κάμὲ
1147 1810 1203 1863 μὴ
1232 1809 1351 1863 σῴσει
1379 1812 1532 1857 θανεῖν,

265 1882 365 1921 1536
420 1877 631 1931 παρθένον
656 1893 700 1918 τε
724 1877 797 1917 καὶ
824 1875 1011 1930 δάμαρτα
1040 1875 1110 1917 δύο
1138 1875 1259 1930 νεκροὶ
1286 1874 1525 1927 κατόψεται.

315 1958 492 2000 Orestes
510 1959 707 2000 minat-ur
725 1970 772 1999 se
790 1957 1011 1999 Helenam
1029 1960 1072 1999 et
1090 1957 1382 1999 Hermionam
1399 1958 1651 1999 occisurum

207 2037 316 2077 esse,
343 2026 431 2068 nisi
448 2024 680 2067 Menelaus
700 2025 785 2066 sibi
812 2026 856 2066 et
882 2026 1024 2066 sorori
1051 2027 1093 2066 et
1120 2025 1264 2067 amico
1282 2027 1447 2078 parcat.
1478 2024 1577 2074 Qua
1596 2026 1651 2067 de

207 2105 346 2134 causa
372 2093 574 2133 futurum
599 2094 718 2133 recte
749 2093 900 2133 locum
932 2092 1075 2134 habet.
1131 2093 1258 2133 Alter
1289 2093 1414 2134 locus
1449 2096 1515 2133 est
1546 2094 1648 2146 Jph.

206 2161 260 2201 A.
294 2162 405 2200 1240.
460 2159 697 2212 Iphigenia
722 2161 895 2211 patrem
923 2160 1164 2212 alloquitur
1190 2160 1260 2201 his
1288 2161 1437 2201 verbis

389 2235 548 2289 βλέψον
576 2233 678 2288 πρὸς
704 2230 823 2289 ἡμᾶς,
852 2231 962 2287 ὅμμα
990 2234 1059 2284 δὸς
1085 2234 1243 2289 φίλημά
1269 2251 1313 2276 τε

263 2308 363 2347 1238
391 2298 439 2344 ἵν’
471 2298 574 2345 ἀλλὰ
601 2304 719 2344 τοῦτο
746 2298 990 2344 κατθανοῦσ’
1022 2302 1096 2355 &w
1124 2308 1244 2345 σέθεν

390 2374 595 2424 μνημεῖον,
624 2369 661 2411 εἰ
685 2369 741 2423 μὴ
768 2373 855 2418 τοῖς
879 2369 990 2422 ἐμοῖς
1017 2370 1152 2411 πείσει
1180 2369 1324 2423 λόγοις.

315 2450 429 2492 Cum
455 2450 669 2491 Elmsleio
703 2452 746 2491 ct
777 2449 941 2491 Weilio
979 2450 1178 2492 futurum
1217 2452 1362 2504 posui3
1400 2451 1495 2493 filia
1532 2451 1649 2492 enim

207 2519 346 2569 ducis,
375 2530 542 2568 angore
560 2517 772 2568 coniecta,
801 2520 987 2559 conatur
1013 2519 1141 2560 illum
1165 2532 1443 2561 commovere
1470 2521 1519 2559 ut
1546 2531 1652 2559 con-
