<?xml version="1.0" encoding="UTF-8"?>
<!DOCTYPE html PUBLIC "-//W3C//DTD XHTML 1.0 Transitional//EN"
    "http://www.w3.org/TR/xhtml1/DTD/xhtml1-transitional.dtd">
<html xmlns="http://www.w3.org/1999/xhtml" xml:lang="en" lang="en">
 <head>
  <title>
</title>
<meta http-equiv="Content-Type" content="text/html;charset=utf-8" />
  <meta name='ocr-system' content='tesseract 3.04.00' />
  <meta name='ocr-capabilities' content='ocr_page ocr_carea ocr_par ocr_line ocrx_word'/>
</head>
<body>
  <div class='ocr_page' id='page_1' title='image "./4771409_0056.png"; bbox 0 0 1815 3047; ppageno 0'>
   <div class='ocr_carea' id='block_1_1' title="bbox 780 157 1041 194">
    <p class='ocr_par' dir='ltr' id='par_1_1' title="bbox 780 157 1041 194">
     <span class='ocr_line' id='line_1_1' title="bbox 780 157 1041 194; baseline 0.004 -13"><span class='ocrx_word' id='word_1_1' title='bbox 780 157 1041 194; x_wconf 72' lang='lat'>-46-</span> 
     </span>
    </p>
   </div>
   <div class='ocr_carea' id='block_1_2' title="bbox 188 260 1631 799">
    <p class='ocr_par' dir='ltr' id='par_1_2' title="bbox 243 260 1475 321">
     <span class='ocr_line' id='line_1_2' title="bbox 243 260 1475 321; baseline 0 -14"><span class='ocrx_word' id='word_1_2' title='bbox 243 267 407 308; x_wconf 89' lang='lat' dir='ltr'>Phoen.</span> <span class='ocrx_word' id='word_1_3' title='bbox 437 270 487 308; x_wconf 90' lang='lat'>69</span> <span class='ocrx_word' id='word_1_4' title='bbox 540 263 598 306; x_wconf 79' lang='grc' dir='ltr'><strong><em>τιι)</em></strong></span> <span class='ocrx_word' id='word_1_5' title='bbox 625 260 665 306; x_wconf 78' lang='grc' dir='ltr'>δ’</span> <span class='ocrx_word' id='word_1_6' title='bbox 686 264 743 314; x_wconf 84' lang='grc' dir='ltr'>εἷς</span> <span class='ocrx_word' id='word_1_7' title='bbox 770 263 898 319; x_wconf 83' lang='grc' dir='ltr'><strong><em>φόβον</em></strong></span> <span class='ocrx_word' id='word_1_8' title='bbox 924 264 1104 317; x_wconf 81' lang='grc' dir='ltr'><em>πεσόντε,</em></span> <span class='ocrx_word' id='word_1_9' title='bbox 1131 265 1187 321; x_wconf 84' lang='grc' dir='ltr'>μὴ</span> <span class='ocrx_word' id='word_1_10' title='bbox 1214 264 1475 321; x_wconf 78' lang='grc' dir='ltr'><strong><em>τελεσφόρους</em></strong></span> 
     </span>
    </p>

    <p class='ocr_par' dir='ltr' id='par_1_3' title="bbox 541 329 1395 451">
     <span class='ocr_line' id='line_1_3' title="bbox 542 329 1395 385; baseline 0.004 -13"><span class='ocrx_word' id='word_1_11' title='bbox 542 330 655 382; x_wconf 78' lang='grc' dir='ltr'><strong><em>εὐχὰς</em></strong></span> <span class='ocrx_word' id='word_1_12' title='bbox 681 333 776 373; x_wconf 85' lang='grc' dir='ltr'><strong><em>θεοὶ</em></strong></span> <span class='ocrx_word' id='word_1_13' title='bbox 802 332 1019 385; x_wconf 80' lang='grc' dir='ltr'><strong><em>κραίνωσιν</em></strong></span> <span class='ocrx_word' id='word_1_14' title='bbox 1045 331 1258 375; x_wconf 81' lang='grc' dir='ltr'><strong><em>οἰκούντων</em></strong></span> <span class='ocrx_word' id='word_1_15' title='bbox 1284 329 1395 385; x_wconf 82' lang='grc' dir='ltr'><strong><em>ὁμοῦ,</em></strong></span> 
     </span>
     <span class='ocr_line' id='line_1_4' title="bbox 541 394 1015 451; baseline 0.002 -12"><span class='ocrx_word' id='word_1_16' title='bbox 541 394 731 451; x_wconf 76' lang='grc' dir='ltr'>ξυμβάντ’</span> <span class='ocrx_word' id='word_1_17' title='bbox 762 398 906 448; x_wconf 76' lang='grc' dir='ltr'><strong><em>ἔταξαν</em></strong></span> <span class='ocrx_word' id='word_1_18' title='bbox 931 401 1015 440; x_wconf 85' lang='grc' dir='ltr'><strong><em>κτλ.</em></strong></span> 
     </span>
    </p>

    <p class='ocr_par' dir='ltr' id='par_1_4' title="bbox 188 475 1630 666">
     <span class='ocr_line' id='line_1_5' title="bbox 246 475 1630 532; baseline 0.001 -14"><span class='ocrx_word' id='word_1_19' title='bbox 246 475 249 478; x_wconf 80' lang='grc'><strong>’</strong></span> <span class='ocrx_word' id='word_1_20' title='bbox 295 476 425 527; x_wconf 85' lang='lat' dir='ltr'>Quod</span> <span class='ocrx_word' id='word_1_21' title='bbox 453 490 607 519; x_wconf 88' lang='lat' dir='ltr'>omnes</span> <span class='ocrx_word' id='word_1_22' title='bbox 635 479 838 530; x_wconf 74' lang='lat' dir='ltr'>editores,</span> <span class='ocrx_word' id='word_1_23' title='bbox 867 481 1084 532; x_wconf 79' lang='lat' dir='ltr'>quantum</span> <span class='ocrx_word' id='word_1_24' title='bbox 1113 479 1217 530; x_wconf 88' lang='grc'>3010,</span> <span class='ocrx_word' id='word_1_25' title='bbox 1244 476 1459 529; x_wconf 80' lang='grc' dir='ltr'><strong><em>κραίνωσιν</em></strong></span> <span class='ocrx_word' id='word_1_26' title='bbox 1476 480 1630 531; x_wconf 79' lang='lat' dir='ltr'>legunt</span> 
     </span>
     <span class='ocr_line' id='line_1_6' title="bbox 188 544 1629 598; baseline 0.002 -14"><span class='ocrx_word' id='word_1_27' title='bbox 188 544 306 584; x_wconf 83' lang='lat' dir='ltr'>hanc</span> <span class='ocrx_word' id='word_1_28' title='bbox 332 545 525 586; x_wconf 87' lang='lat' dir='ltr'>formam</span> <span class='ocrx_word' id='word_1_29' title='bbox 550 547 724 586; x_wconf 78' lang='lat' dir='ltr'>mutare</span> <span class='ocrx_word' id='word_1_30' title='bbox 752 546 932 587; x_wconf 74' lang='lat' dir='ltr'>haesito.</span> <span class='ocrx_word' id='word_1_31' title='bbox 987 546 1108 586; x_wconf 90' lang='lat' dir='ltr'>Nam</span> <span class='ocrx_word' id='word_1_32' title='bbox 1135 547 1356 598; x_wconf 79' lang='lat' dir='ltr'><strong>optativus</strong></span> <span class='ocrx_word' id='word_1_33' title='bbox 1389 547 1537 587; x_wconf 89' lang='lat' dir='ltr'>minus</span> <span class='ocrx_word' id='word_1_34' title='bbox 1564 546 1629 586; x_wconf 85' lang='lat' dir='ltr'>fa-</span> 
     </span>
     <span class='ocr_line' id='line_1_7' title="bbox 190 611 1051 666; baseline 0.002 -14"><span class='ocrx_word' id='word_1_35' title='bbox 190 611 272 653; x_wconf 84' lang='lat' dir='ltr'>cile</span> <span class='ocrx_word' id='word_1_36' title='bbox 300 611 373 654; x_wconf 88' lang='grc'>1110</span> <span class='ocrx_word' id='word_1_37' title='bbox 401 625 537 665; x_wconf 85' lang='lat' dir='ltr'>quam</span> <span class='ocrx_word' id='word_1_38' title='bbox 565 613 673 654; x_wconf 86' lang='lat' dir='ltr'>alibi</span> <span class='ocrx_word' id='word_1_39' title='bbox 699 613 872 654; x_wconf 74' lang='lat' dir='ltr'>restitui</span> <span class='ocrx_word' id='word_1_40' title='bbox 897 615 1051 666; x_wconf 57' lang='lat' dir='ltr'>potest</span> 
     </span>
    </p>

    <p class='ocr_par' dir='ltr' id='par_1_5' title="bbox 294 679 1631 799">
     <span class='ocr_line' id='line_1_8' title="bbox 294 679 1264 733; baseline 0.002 -13"><span class='ocrx_word' id='word_1_41' title='bbox 294 679 334 720; x_wconf 88' lang='lat' dir='ltr'>J.</span> <span class='ocrx_word' id='word_1_42' title='bbox 363 679 417 720; x_wconf 81' lang='lat' dir='ltr'>A.</span> <span class='ocrx_word' id='word_1_43' title='bbox 451 682 549 721; x_wconf 89' lang='lat'>1536</span> <span class='ocrx_word' id='word_1_44' title='bbox 579 680 782 733; x_wconf 89' lang='lat' dir='ltr'>spurium</span> <span class='ocrx_word' id='word_1_45' title='bbox 808 692 904 722; x_wconf 87' lang='lat' dir='ltr'>esse</span> <span class='ocrx_word' id='word_1_46' title='bbox 930 680 1161 733; x_wconf 86' lang='lat' dir='ltr'>probabile</span> <span class='ocrx_word' id='word_1_47' title='bbox 1189 683 1264 722; x_wconf 76' lang='lat' dir='ltr'>est.</span> 
     </span>
     <span class='ocr_line' id='line_1_9' title="bbox 296 746 1631 799; baseline 0.001 -12"><span class='ocrx_word' id='word_1_48' title='bbox 296 746 647 799; x_wconf 72' lang='lat' dir='ltr'><strong>Clytaemnestra</strong></span> <span class='ocrx_word' id='word_1_49' title='bbox 674 748 928 789; x_wconf 78' lang='lat' dir='ltr'>etiamnunc</span> <span class='ocrx_word' id='word_1_50' title='bbox 946 750 1124 790; x_wconf 74' lang='lat' dir='ltr'>veretur</span> <span class='ocrx_word' id='word_1_51' title='bbox 1147 761 1203 789; x_wconf 92' lang='lat' dir='ltr'>ne</span> <span class='ocrx_word' id='word_1_52' title='bbox 1229 749 1434 789; x_wconf 82' lang='lat' dir='ltr'>nuntium</span> <span class='ocrx_word' id='word_1_53' title='bbox 1460 748 1631 788; x_wconf 89' lang='lat' dir='ltr'>malum</span> 
     </span>
    </p>
   </div>
   <div class='ocr_carea' id='block_1_3' title="bbox 191 813 1630 921">
    <p class='ocr_par' dir='ltr' id='par_1_6' title="bbox 191 813 1630 921">
     <span class='ocr_line' id='line_1_10' title="bbox 192 813 1630 867; baseline 0.001 -13"><span class='ocrx_word' id='word_1_54' title='bbox 192 814 393 867; x_wconf 76' lang='lat' dir='ltr'>accipiat.</span> <span class='ocrx_word' id='word_1_55' title='bbox 460 813 582 856; x_wconf 88' lang='lat' dir='ltr'>Coni.</span> <span class='ocrx_word' id='word_1_56' title='bbox 624 815 718 856; x_wconf 86' lang='lat' dir='ltr'>sine</span> <span class='ocrx_word' id='word_1_57' title='bbox 761 815 896 857; x_wconf 89' lang='lat' dir='ltr'>dubio</span> <span class='ocrx_word' id='word_1_58' title='bbox 934 816 980 856; x_wconf 93' lang='lat' dir='ltr'>in</span> <span class='ocrx_word' id='word_1_59' title='bbox 1018 814 1182 857; x_wconf 92' lang='lat' dir='ltr'>Phoen.</span> <span class='ocrx_word' id='word_1_60' title='bbox 1212 818 1288 857; x_wconf 80' lang='lat'>362</span> <span class='ocrx_word' id='word_1_61' title='bbox 1326 817 1444 857; x_wconf 78' lang='lat' dir='ltr'>recte</span> <span class='ocrx_word' id='word_1_62' title='bbox 1481 815 1630 856; x_wconf 87' lang='grc'>10011111</span> 
     </span>
     <span class='ocr_line' id='line_1_11' title="bbox 191 881 343 921; baseline 0 0"><span class='ocrx_word' id='word_1_63' title='bbox 191 881 343 921; x_wconf 81' lang='lat' dir='ltr'>habet:</span> 
     </span>
    </p>
   </div>
   <div class='ocr_carea' id='block_1_4' title="bbox 324 942 1464 1070">
    <p class='ocr_par' dir='ltr' id='par_1_7' title="bbox 324 942 1464 1070">
     <span class='ocr_line' id='line_1_12' title="bbox 324 942 1338 1002; baseline -0.002 -12"><span class='ocrx_word' id='word_1_64' title='bbox 324 951 398 990; x_wconf 89' lang='grc'>361</span> <span class='ocrx_word' id='word_1_65' title='bbox 455 949 556 987; x_wconf 74' lang='grc' dir='ltr'><strong><em>οὕτω</em></strong></span> <span class='ocrx_word' id='word_1_66' title='bbox 584 947 628 987; x_wconf 83' lang='grc' dir='ltr'>δὲ</span> <span class='ocrx_word' id='word_1_67' title='bbox 654 945 800 999; x_wconf 80' lang='grc' dir='ltr'><strong><em>τάρβος</em></strong></span> <span class='ocrx_word' id='word_1_68' title='bbox 826 946 884 995; x_wconf 85' lang='grc' dir='ltr'>εἰς</span> <span class='ocrx_word' id='word_1_69' title='bbox 910 948 1037 1001; x_wconf 90' lang='grc' dir='ltr'><strong><em>φόβον</em></strong></span> <span class='ocrx_word' id='word_1_70' title='bbox 1063 943 1100 987; x_wconf 73' lang='grc' dir='ltr'>τ’</span> <span class='ocrx_word' id='word_1_71' title='bbox 1123 942 1338 1002; x_wconf 73' lang='grc' dir='ltr'><strong><em>ἀφικόμην,</em></strong></span> 
     </span>
     <span class='ocr_line' id='line_1_13' title="bbox 451 1011 1464 1070; baseline 0.001 -16"><span class='ocrx_word' id='word_1_72' title='bbox 451 1011 507 1068; x_wconf 85' lang='grc' dir='ltr'>μή</span> <span class='ocrx_word' id='word_1_73' title='bbox 533 1030 596 1062; x_wconf 89' lang='grc' dir='ltr'>τις</span> <span class='ocrx_word' id='word_1_74' title='bbox 621 1015 738 1063; x_wconf 82' lang='grc' dir='ltr'><strong><em>δόλος</em></strong></span> <span class='ocrx_word' id='word_1_75' title='bbox 762 1030 812 1066; x_wconf 88' lang='grc' dir='ltr'>με</span> <span class='ocrx_word' id='word_1_76' title='bbox 837 1017 942 1068; x_wconf 88' lang='grc' dir='ltr'><strong><em>πρὸς</em></strong></span> <span class='ocrx_word' id='word_1_77' title='bbox 968 1013 1206 1069; x_wconf 81' lang='grc' dir='ltr'><strong><em>κασιγνήτου</em></strong></span> <span class='ocrx_word' id='word_1_78' title='bbox 1232 1013 1355 1070; x_wconf 84' lang='grc' dir='ltr'><strong><em>κτάνῃ</em></strong></span> <span class='ocrx_word' id='word_1_79' title='bbox 1382 1016 1464 1055; x_wconf 87' lang='grc' dir='ltr'><strong><em>κτλ.</em></strong></span> 
     </span>
    </p>
   </div>
   <div class='ocr_carea' id='block_1_5' title="bbox 228 1104 1596 1158">
    <p class='ocr_par' dir='ltr' id='par_1_8' title="bbox 228 1104 1596 1158">
     <span class='ocr_line' id='line_1_14' title="bbox 228 1104 1596 1158; baseline 0.001 -15"><span class='ocrx_word' id='word_1_80' title='bbox 228 1104 283 1144; x_wconf 96' lang='grc' dir='ltr'>ΙΙ.</span> <span class='ocrx_word' id='word_1_81' title='bbox 333 1104 411 1144; x_wconf 86' lang='lat' dir='ltr'>De</span> <span class='ocrx_word' id='word_1_82' title='bbox 451 1104 720 1156; x_wconf 77' lang='lat' dir='ltr'>optativo</span> <span class='ocrx_word' id='word_1_83' title='bbox 757 1106 889 1157; x_wconf 78' lang='lat' dir='ltr'>post</span> <span class='ocrx_word' id='word_1_84' title='bbox 926 1107 1190 1158; x_wconf 86' lang='lat' dir='ltr'>tempora</span> <span class='ocrx_word' id='word_1_85' title='bbox 1227 1105 1596 1146; x_wconf 84' lang='lat' dir='ltr'>secundaria.</span> 
     </span>
    </p>
   </div>
   <div class='ocr_carea' id='block_1_6' title="bbox 192 1182 1632 2090">
    <p class='ocr_par' dir='ltr' id='par_1_9' title="bbox 192 1182 1632 2090">
     <span class='ocr_line' id='line_1_15' title="bbox 469 1182 1268 1234; baseline 0.004 -14"><span class='ocrx_word' id='word_1_86' title='bbox 469 1182 512 1231; x_wconf 90' lang='grc' dir='ltr'><strong><em>α)</em></strong></span> <span class='ocrx_word' id='word_1_87' title='bbox 549 1182 825 1222; x_wconf 83' lang='lat' dir='ltr'>Indicativus</span> <span class='ocrx_word' id='word_1_88' title='bbox 854 1184 1006 1223; x_wconf 86' lang='lat' dir='ltr'>aoristi</span> <span class='ocrx_word' id='word_1_89' title='bbox 1033 1183 1268 1234; x_wconf 73' lang='lat' dir='ltr'>praeeedit.</span> 
     </span>
     <span class='ocr_line' id='line_1_16' title="bbox 551 1248 1389 1302; baseline 0.001 -13"><span class='ocrx_word' id='word_1_90' title='bbox 551 1252 582 1289; x_wconf 93' lang='lat'>1.</span> <span class='ocrx_word' id='word_1_91' title='bbox 623 1248 720 1302; x_wconf 76' lang='lat' dir='ltr'>Opt.</span> <span class='ocrx_word' id='word_1_92' title='bbox 750 1250 904 1290; x_wconf 74' lang='lat' dir='ltr'>aoristi</span> <span class='ocrx_word' id='word_1_93' title='bbox 929 1249 1102 1302; x_wconf 71' lang='lat' dir='ltr'>legitur.</span> <span class='ocrx_word' id='word_1_94' title='bbox 1387 1295 1389 1297; x_wconf 43' lang='grc'><strong><em>,</em></strong></span> 
     </span>
     <span class='ocr_line' id='line_1_17' title="bbox 387 1314 1414 1374; baseline -0.003 -12"><span class='ocrx_word' id='word_1_95' title='bbox 387 1322 453 1362; x_wconf 84' lang='grc' dir='ltr'>ΕΙ.</span> <span class='ocrx_word' id='word_1_96' title='bbox 485 1324 536 1363; x_wconf 88' lang='grc'>30</span> <span class='ocrx_word' id='word_1_97' title='bbox 587 1319 752 1360; x_wconf 80' lang='grc' dir='ltr'><strong><em>παίδων</em></strong></span> <span class='ocrx_word' id='word_1_98' title='bbox 778 1314 959 1360; x_wconf 70' lang='grc' dir='ltr'><strong><em>δ’ἐδεισε</em></strong></span> <span class='ocrx_word' id='word_1_99' title='bbox 983 1318 1039 1373; x_wconf 87' lang='grc' dir='ltr'>μὴ</span> <span class='ocrx_word' id='word_1_100' title='bbox 1066 1319 1264 1374; x_wconf 85' lang='grc' dir='ltr'><strong><em>φονηθείη</em></strong></span> <span class='ocrx_word' id='word_1_101' title='bbox 1292 1321 1414 1374; x_wconf 77' lang='grc' dir='ltr'><strong><em>φόνῳ.</em></strong></span> 
     </span>
     <span class='ocr_line' id='line_1_18' title="bbox 296 1399 1627 1452; baseline 0 -13"><span class='ocrx_word' id='word_1_102' title='bbox 296 1399 530 1440; x_wconf 75' lang='lat' dir='ltr'>Accedunt</span> <span class='ocrx_word' id='word_1_103' title='bbox 548 1399 664 1440; x_wconf 84' lang='lat' dir='ltr'>And.</span> <span class='ocrx_word' id='word_1_104' title='bbox 686 1402 760 1440; x_wconf 84' lang='lat'>721</span> <span class='ocrx_word' id='word_1_105' title='bbox 783 1401 826 1440; x_wconf 76' lang='lat' dir='ltr'>et</span> <span class='ocrx_word' id='word_1_106' title='bbox 841 1399 909 1441; x_wconf 90' lang='lat' dir='ltr'>Tr.</span> <span class='ocrx_word' id='word_1_107' title='bbox 934 1402 1044 1441; x_wconf 90' lang='grc'>1160.</span> <span class='ocrx_word' id='word_1_108' title='bbox 1081 1399 1144 1441; x_wconf 84' lang='lat' dir='ltr'>Cf.</span> <span class='ocrx_word' id='word_1_109' title='bbox 1165 1400 1299 1441; x_wconf 73' lang='lat' dir='ltr'>etiam</span> <span class='ocrx_word' id='word_1_110' title='bbox 1316 1400 1356 1440; x_wconf 89' lang='lat' dir='ltr'>J.</span> <span class='ocrx_word' id='word_1_111' title='bbox 1376 1399 1419 1440; x_wconf 88' lang='lat' dir='ltr'>T.</span> <span class='ocrx_word' id='word_1_112' title='bbox 1445 1401 1544 1441; x_wconf 83' lang='lat'>1340</span> <span class='ocrx_word' id='word_1_113' title='bbox 1564 1412 1627 1452; x_wconf 90' lang='lat' dir='ltr'>sq.</span> 
     </span>
     <span class='ocr_line' id='line_1_19' title="bbox 517 1470 1312 1529; baseline 0.001 -14"><span class='ocrx_word' id='word_1_114' title='bbox 517 1474 687 1528; x_wconf 76' lang='grc' dir='ltr'><strong><em>ἐσῆλθεν</em></strong></span> <span class='ocrx_word' id='word_1_115' title='bbox 712 1470 818 1529; x_wconf 78' lang='grc' dir='ltr'><strong><em>ἡμᾶς</em></strong></span> <span class='ocrx_word' id='word_1_116' title='bbox 843 1473 909 1528; x_wconf 73' lang='grc' dir='ltr'>μὴ</span> <span class='ocrx_word' id='word_1_117' title='bbox 926 1475 1114 1523; x_wconf 79' lang='grc' dir='ltr'><strong><em>λυθέντες</em></strong></span> <span class='ocrx_word' id='word_1_118' title='bbox 1141 1473 1180 1516; x_wconf 77' lang='grc' dir='ltr'><strong><em>οἱ</em></strong></span> <span class='ocrx_word' id='word_1_119' title='bbox 1208 1474 1312 1524; x_wconf 81' lang='grc' dir='ltr'><strong><em>ξένοι</em></strong></span> 
     </span>
     <span class='ocr_line' id='line_1_20' title="bbox 519 1539 1363 1596; baseline 0.001 -14"><span class='ocrx_word' id='word_1_120' title='bbox 519 1540 700 1583; x_wconf 82' lang='grc' dir='ltr'><strong><em>κτάνοιεν</em></strong></span> <span class='ocrx_word' id='word_1_121' title='bbox 726 1541 848 1596; x_wconf 63' lang='grc' dir='ltr'><strong><em>αίτὴν</em></strong></span> <span class='ocrx_word' id='word_1_122' title='bbox 875 1542 1076 1595; x_wconf 81' lang='grc' dir='ltr'><strong><em>δραπέται</em></strong></span> <span class='ocrx_word' id='word_1_123' title='bbox 1103 1539 1141 1582; x_wconf 77' lang='grc' dir='ltr'>τ’</span> <span class='ocrx_word' id='word_1_124' title='bbox 1168 1541 1363 1593; x_wconf 81' lang='grc' dir='ltr'><strong><em>οἰχοίατο,</em></strong></span> 
     </span>
     <span class='ocr_line' id='line_1_21' title="bbox 194 1615 1629 1674; baseline -0.001 -12"><span class='ocrx_word' id='word_1_125' title='bbox 194 1622 270 1663; x_wconf 93' lang='lat' dir='ltr'>ubi</span> <span class='ocrx_word' id='word_1_126' title='bbox 297 1623 417 1663; x_wconf 76' lang='lat' dir='ltr'>notio</span> <span class='ocrx_word' id='word_1_127' title='bbox 446 1623 632 1663; x_wconf 79' lang='lat' dir='ltr'>timendi</span> <span class='ocrx_word' id='word_1_128' title='bbox 659 1623 970 1664; x_wconf 84' lang='lat' dir='ltr'>subaudienda</span> <span class='ocrx_word' id='word_1_129' title='bbox 997 1625 1071 1663; x_wconf 76' lang='lat' dir='ltr'>est.</span> <span class='ocrx_word' id='word_1_130' title='bbox 1113 1622 1176 1663; x_wconf 83' lang='lat' dir='ltr'>Cf.</span> <span class='ocrx_word' id='word_1_131' title='bbox 1206 1622 1278 1663; x_wconf 90' lang='lat' dir='ltr'>Or.</span> <span class='ocrx_word' id='word_1_132' title='bbox 1312 1624 1418 1664; x_wconf 73' lang='grc'>1668,</span> <span class='ocrx_word' id='word_1_133' title='bbox 1439 1615 1499 1673; x_wconf 76' lang='grc' dir='ltr'>(μ’</span> <span class='ocrx_word' id='word_1_134' title='bbox 1520 1617 1629 1674; x_wconf 81' lang='grc' dir='ltr'><strong><em>ἐσῄει</em></strong></span> 
     </span>
     <span class='ocr_line' id='line_1_22' title="bbox 192 1683 1632 1742; baseline 0 -14"><span class='ocrx_word' id='word_1_135' title='bbox 192 1689 338 1740; x_wconf 81' lang='grc' dir='ltr'><strong><em>δεῖμα).</em></strong></span> <span class='ocrx_word' id='word_1_136' title='bbox 375 1689 551 1733; x_wconf 81' lang='lat' dir='ltr'>Similes</span> <span class='ocrx_word' id='word_1_137' title='bbox 577 1690 822 1733; x_wconf 78' lang='lat' dir='ltr'>locutiones</span> <span class='ocrx_word' id='word_1_138' title='bbox 851 1693 955 1732; x_wconf 76' lang='lat' dir='ltr'>sunt</span> <span class='ocrx_word' id='word_1_139' title='bbox 979 1691 1019 1732; x_wconf 89' lang='lat' dir='ltr'>J.</span> <span class='ocrx_word' id='word_1_140' title='bbox 1039 1691 1093 1732; x_wconf 84' lang='lat' dir='ltr'>A.</span> <span class='ocrx_word' id='word_1_141' title='bbox 1123 1693 1197 1732; x_wconf 88' lang='grc'>491</span> <span class='ocrx_word' id='word_1_142' title='bbox 1228 1683 1290 1741; x_wconf 79' lang='grc' dir='ltr'>(μ’</span> <span class='ocrx_word' id='word_1_143' title='bbox 1313 1686 1422 1737; x_wconf 80' lang='grc' dir='ltr'><strong><em>ἔλεος</em></strong></span> <span class='ocrx_word' id='word_1_144' title='bbox 1447 1686 1632 1742; x_wconf 77' lang='grc' dir='ltr'><strong><em>εἰσῆλθε)</em></strong></span> 
     </span>
     <span class='ocr_line' id='line_1_23' title="bbox 192 1752 1074 1808; baseline -0.005 -9"><span class='ocrx_word' id='word_1_145' title='bbox 192 1760 235 1799; x_wconf 76' lang='lat' dir='ltr'>et</span> <span class='ocrx_word' id='word_1_146' title='bbox 260 1758 429 1799; x_wconf 87' lang='lat' dir='ltr'>ibidem</span> <span class='ocrx_word' id='word_1_147' title='bbox 451 1760 551 1799; x_wconf 85' lang='lat'>1410</span> <span class='ocrx_word' id='word_1_148' title='bbox 578 1753 733 1808; x_wconf 87' lang='grc' dir='ltr'><strong><em>(πόθος</em></strong></span> <span class='ocrx_word' id='word_1_149' title='bbox 758 1752 806 1807; x_wconf 73' lang='grc' dir='ltr'>μ’</span> <span class='ocrx_word' id='word_1_150' title='bbox 827 1755 1074 1807; x_wconf 81' lang='grc' dir='ltr'><strong><em>εἰσέρχεται).</em></strong></span> 
     </span>
     <span class='ocr_line' id='line_1_24' title="bbox 271 1829 1426 1889; baseline -0.003 -12"><span class='ocrx_word' id='word_1_151' title='bbox 271 1836 403 1889; x_wconf 78' lang='lat' dir='ltr'>Hipp.</span> <span class='ocrx_word' id='word_1_152' title='bbox 436 1838 537 1878; x_wconf 89' lang='lat'>1310</span> <span class='ocrx_word' id='word_1_153' title='bbox 589 1831 614 1888; x_wconf 84' lang='grc' dir='ltr'>ἡ</span> <span class='ocrx_word' id='word_1_154' title='bbox 642 1829 680 1875; x_wconf 69' lang='grc' dir='ltr'>δ’</span> <span class='ocrx_word' id='word_1_155' title='bbox 702 1833 760 1882; x_wconf 83' lang='grc' dir='ltr'>εἰς</span> <span class='ocrx_word' id='word_1_156' title='bbox 786 1832 940 1887; x_wconf 72' lang='grc' dir='ltr'><strong><em>ἔλεγχον</em></strong></span> <span class='ocrx_word' id='word_1_157' title='bbox 966 1832 1021 1887; x_wconf 81' lang='grc' dir='ltr'>μὴ</span> <span class='ocrx_word' id='word_1_158' title='bbox 1048 1833 1172 1874; x_wconf 83' lang='grc' dir='ltr'><strong><em>πέσοι</em></strong></span> <span class='ocrx_word' id='word_1_159' title='bbox 1200 1838 1426 1887; x_wconf 86' lang='grc' dir='ltr'><strong><em>φοβουμένη</em></strong></span> 
     </span>
     <span class='ocr_line' id='line_1_25' title="bbox 594 1899 1131 1954; baseline -0.004 -13"><span class='ocrx_word' id='word_1_160' title='bbox 594 1902 756 1953; x_wconf 82' lang='grc' dir='ltr'><strong><em>ψευδεῖς</em></strong></span> <span class='ocrx_word' id='word_1_161' title='bbox 782 1899 941 1954; x_wconf 81' lang='grc' dir='ltr'><strong><em>γραφὰς</em></strong></span> <span class='ocrx_word' id='word_1_162' title='bbox 967 1899 1131 1953; x_wconf 72' lang='grc' dir='ltr'><strong><em>ἔγραψε.</em></strong></span> 
     </span>
     <span class='ocr_line' id='line_1_26' title="bbox 300 1977 1631 2034; baseline -0.001 -12"><span class='ocrx_word' id='word_1_163' title='bbox 300 1980 420 2023; x_wconf 84' lang='lat' dir='ltr'>Loco</span> <span class='ocrx_word' id='word_1_164' title='bbox 448 1982 694 2034; x_wconf 78' lang='lat' dir='ltr'>scripturae</span> <span class='ocrx_word' id='word_1_165' title='bbox 722 1981 848 2022; x_wconf 85' lang='lat' dir='ltr'><strong>codd.</strong></span> <span class='ocrx_word' id='word_1_166' title='bbox 869 1978 975 2033; x_wconf 79' lang='grc' dir='ltr'><strong><em>πέσῃ</em></strong></span> <span class='ocrx_word' id='word_1_167' title='bbox 1003 1981 1161 2033; x_wconf 84' lang='lat' dir='ltr'>scripsi</span> <span class='ocrx_word' id='word_1_168' title='bbox 1178 1977 1312 2031; x_wconf 84' lang='grc' dir='ltr'><strong><em>πέσοι,</em></strong></span> <span class='ocrx_word' id='word_1_169' title='bbox 1340 1980 1501 2032; x_wconf 84' lang='lat' dir='ltr'>quippe</span> <span class='ocrx_word' id='word_1_170' title='bbox 1529 1993 1631 2021; x_wconf 89' lang='grc'>011111</span> 
     </span>
     <span class='ocr_line' id='line_1_27' title="bbox 194 2048 1357 2090; baseline -0.002 -1"><span class='ocrx_word' id='word_1_171' title='bbox 194 2049 403 2090; x_wconf 86' lang='lat' dir='ltr'>Phaedra</span> <span class='ocrx_word' id='word_1_172' title='bbox 427 2049 520 2089; x_wconf 86' lang='lat' dir='ltr'>iam</span> <span class='ocrx_word' id='word_1_173' title='bbox 546 2051 724 2089; x_wconf 76' lang='lat' dir='ltr'>mortua</span> <span class='ocrx_word' id='word_1_174' title='bbox 750 2049 816 2089; x_wconf 78' lang='lat' dir='ltr'>sit.</span> <span class='ocrx_word' id='word_1_175' title='bbox 874 2048 961 2090; x_wconf 85' lang='lat' dir='ltr'>Sed</span> <span class='ocrx_word' id='word_1_176' title='bbox 987 2059 1059 2089; x_wconf 90' lang='lat' dir='ltr'>res</span> <span class='ocrx_word' id='word_1_177' title='bbox 1087 2049 1153 2088; x_wconf 77' lang='lat' dir='ltr'>est</span> <span class='ocrx_word' id='word_1_178' title='bbox 1179 2048 1357 2089; x_wconf 80' lang='lat' dir='ltr'>incerta.</span> 
     </span>
    </p>
   </div>
   <div class='ocr_carea' id='block_1_7' title="bbox 249 2136 1634 2601">
    <p class='ocr_par' dir='ltr' id='par_1_10' title="bbox 249 2136 1634 2601">
     <span class='ocr_line' id='line_1_28' title="bbox 447 2136 1094 2189; baseline -0.002 -12"><span class='ocrx_word' id='word_1_179' title='bbox 447 2140 482 2177; x_wconf 79' lang='lat'>2.</span> <span class='ocrx_word' id='word_1_180' title='bbox 524 2136 620 2189; x_wconf 76' lang='lat' dir='ltr'>opt.</span> <span class='ocrx_word' id='word_1_181' title='bbox 647 2138 894 2189; x_wconf 75' lang='lat' dir='ltr'>praesentis</span> <span class='ocrx_word' id='word_1_182' title='bbox 921 2137 1094 2188; x_wconf 77' lang='lat' dir='ltr'>legitur.</span> 
     </span>
     <span class='ocr_line' id='line_1_29' title="bbox 249 2196 1442 2255; baseline -0.004 -9"><span class='ocrx_word' id='word_1_183' title='bbox 249 2205 321 2245; x_wconf 85' lang='lat' dir='ltr'>Or.</span> <span class='ocrx_word' id='word_1_184' title='bbox 355 2206 455 2245; x_wconf 83' lang='lat'>1418</span> <span class='ocrx_word' id='word_1_185' title='bbox 508 2205 712 2254; x_wconf 84' lang='grc' dir='ltr'><strong><em>προσεῖπε</em></strong></span> <span class='ocrx_word' id='word_1_186' title='bbox 737 2196 776 2242; x_wconf 81' lang='grc' dir='ltr'>δ’</span> <span class='ocrx_word' id='word_1_187' title='bbox 795 2197 915 2250; x_wconf 54' lang='lat' dir='ltr'>&amp;mog</span> <span class='ocrx_word' id='word_1_188' title='bbox 942 2197 1063 2242; x_wconf 68' lang='grc' dir='ltr'><strong><em>ἄλλον</em></strong></span> <span class='ocrx_word' id='word_1_189' title='bbox 1088 2202 1225 2242; x_wconf 86' lang='grc' dir='ltr'><strong><em>πεσὼν</em></strong></span> <span class='ocrx_word' id='word_1_190' title='bbox 1251 2201 1291 2241; x_wconf 81' lang='grc' dir='ltr'>ἑν</span> <span class='ocrx_word' id='word_1_191' title='bbox 1317 2198 1442 2255; x_wconf 81' lang='grc' dir='ltr'><strong><em>φόβῳ,</em></strong></span> 
     </span>
     <span class='ocr_line' id='line_1_30' title="bbox 508 2267 880 2324; baseline 0.005 -14"><span class='ocrx_word' id='word_1_192' title='bbox 508 2268 565 2324; x_wconf 85' lang='grc' dir='ltr'>μή</span> <span class='ocrx_word' id='word_1_193' title='bbox 586 2286 649 2318; x_wconf 92' lang='grc' dir='ltr'>τις</span> <span class='ocrx_word' id='word_1_194' title='bbox 669 2267 732 2323; x_wconf 75' lang='grc' dir='ltr'>εἴη</span> <span class='ocrx_word' id='word_1_195' title='bbox 756 2267 880 2318; x_wconf 83' lang='grc' dir='ltr'><strong><em>δόλος.</em></strong></span> 
     </span>
     <span class='ocr_line' id='line_1_31' title="bbox 499 2347 1634 2401; baseline -0.002 -11"><span class='ocrx_word' id='word_1_196' title='bbox 499 2351 534 2390; x_wconf 88' lang='lat'>3.</span> <span class='ocrx_word' id='word_1_197' title='bbox 581 2349 787 2390; x_wconf 76' lang='lat' dir='ltr'>Aoristus</span> <span class='ocrx_word' id='word_1_198' title='bbox 839 2351 882 2390; x_wconf 80' lang='lat' dir='ltr'>et</span> <span class='ocrx_word' id='word_1_199' title='bbox 930 2359 1141 2401; x_wconf 83' lang='lat' dir='ltr'>praesens</span> <span class='ocrx_word' id='word_1_200' title='bbox 1186 2360 1241 2389; x_wconf 84' lang='lat' dir='ltr'>ex</span> <span class='ocrx_word' id='word_1_201' title='bbox 1285 2347 1442 2390; x_wconf 88' lang='lat' dir='ltr'>eodem</span> <span class='ocrx_word' id='word_1_202' title='bbox 1495 2348 1634 2388; x_wconf 89' lang='lat' dir='ltr'>verbo</span> 
     </span>
     <span class='ocr_line' id='line_1_32' title="bbox 634 2417 839 2470; baseline 0 -13"><span class='ocrx_word' id='word_1_203' title='bbox 634 2417 839 2470; x_wconf 77' lang='lat' dir='ltr'>pendent.</span> 
     </span>
     <span class='ocr_line' id='line_1_33' title="bbox 250 2476 1469 2536; baseline -0.006 -9"><span class='ocrx_word' id='word_1_204' title='bbox 250 2485 357 2526; x_wconf 83' lang='lat' dir='ltr'>Hec.</span> <span class='ocrx_word' id='word_1_205' title='bbox 391 2486 491 2526; x_wconf 84' lang='lat'>1138</span> <span class='ocrx_word' id='word_1_206' title='bbox 544 2481 680 2523; x_wconf 64' lang='grc' dir='ltr'><strong><em>ἔδεισα</em></strong></span> <span class='ocrx_word' id='word_1_207' title='bbox 706 2480 762 2536; x_wconf 88' lang='grc' dir='ltr'>μὴ</span> <span class='ocrx_word' id='word_1_208' title='bbox 791 2481 857 2522; x_wconf 86' lang='grc' dir='ltr'><strong><em>σοὶ</em></strong></span> <span class='ocrx_word' id='word_1_209' title='bbox 883 2481 1078 2533; x_wconf 71' lang='grc' dir='ltr'><strong><em>πολέμιος</em></strong></span> <span class='ocrx_word' id='word_1_210' title='bbox 1104 2480 1289 2535; x_wconf 83' lang='grc' dir='ltr'><strong><em>λειφθεὶς</em></strong></span> <span class='ocrx_word' id='word_1_211' title='bbox 1316 2476 1338 2521; x_wconf 81' lang='grc' dir='ltr'><em>ὃ</em></span> <span class='ocrx_word' id='word_1_212' title='bbox 1365 2483 1469 2528; x_wconf 88' lang='grc' dir='ltr'><strong><em>παῖς</em></strong></span> 
     </span>
     <span class='ocr_line' id='line_1_34' title="bbox 550 2543 1435 2601; baseline -0.002 -11"><span class='ocrx_word' id='word_1_213' title='bbox 550 2548 698 2601; x_wconf 87' lang='grc' dir='ltr'><strong><em>Τροίαν</em></strong></span> <span class='ocrx_word' id='word_1_214' title='bbox 725 2543 925 2600; x_wconf 80' lang='grc' dir='ltr'><strong><em>ἇθροίσαι</em></strong></span> <span class='ocrx_word' id='word_1_215' title='bbox 952 2549 1024 2589; x_wconf 84' lang='grc' dir='ltr'>καὶ</span> <span class='ocrx_word' id='word_1_216' title='bbox 1051 2547 1273 2596; x_wconf 85' lang='grc' dir='ltr'><strong><em>ξυνοικίσαι</em></strong></span> <span class='ocrx_word' id='word_1_217' title='bbox 1298 2545 1435 2597; x_wconf 85' lang='grc' dir='ltr'><strong><em>πάλιν,</em></strong></span> 
     </span>
    </p>
   </div>
  </div>
 </body>
</html>
