1815 3047
783 104 1042 143 —13-

194 231 324 260 mum
344 219 431 268 (vv.
454 216 678 268 112-138)
696 216 903 272 Aegisthi
931 218 1245 259 contumeliam
1263 220 1448 269 enarret,
1477 216 1640 259 deinde

120 312 123 313 ν
190 287 310 339 patri
335 285 700 327 lamentationem
725 285 774 326 in
801 284 982 326 aethera
1007 285 1153 326 mittat
1181 286 1267 334 (vv.
1301 285 1567 336 140—166).¹)

300 363 545 412 Vahlenus,
572 363 644 403 vir
677 351 973 412 doctissimus,
1012 364 1089 415 qui
1112 364 1262 403 tamen
1300 375 1456 404 versus
1483 364 1638 404 57—59

188 431 408 482 genuinos
441 440 538 470 esse
562 431 737 479 censet,
765 430 830 469 sic
866 429 1057 481 scripsit:

303 517 452 569 „Quae
481 518 624 558 tribus
651 518 748 558 istis
783 517 986 557 versibus
1014 516 1205 566 (57-59)
1242 516 1421 558 Electra
1449 517 1556 559 dicit
1592 529 1638 559 se

189 586 454 626 necessitate
492 584 619 624 nulla
656 584 942 625 constrictam
981 583 1061 624 sed
1098 583 1197 624 aliis
1235 585 1404 624 motam
1442 584 1638 625 consiliis

190 652 256 693 ad
283 651 579 692 hauriendam
598 662 764 703 aquam
781 662 913 691 mane
932 650 1053 691 exire
1072 656 1176 691 cum
1193 662 1319 701 urna,
1349 662 1403 691 ea
1420 663 1503 692 nec
1530 651 1638 692 satis

188 720 434 760 concinunt
453 731 556 758 cum
575 718 629 758 iis
650 730 763 770 quae
782 718 943 758 marito
964 717 1214 758 dehortanti
1249 719 1424 758 morata
1442 718 1639 758 oratione

193 785 433 838 respondet
459 798 500 846 Y.
531 788 578 824 71
601 796 695 837 sqq.
726 784 795 834 (cf.
823 797 864 837 p.
895 784 938 835 5)
976 786 1020 825 et
1052 784 1108 825 ab
1147 784 1236 825 illis
1265 784 1499 826 discedunt
1525 796 1639 838 quac

194 853 325 894 fratri
351 854 518 903 narrat,
558 865 691 904 quem
717 852 901 893 fratrem
928 864 1024 893 esse
1051 852 1252 893 nondum
1278 851 1498 904 cognovit,
1537 866 1641 894 cum

192 920 430 972 complexa
455 920 606 959 omnia
625 931 739 971 quae
758 919 981 960 cantando
1005 921 1083 959 aut
1107 919 1224 960 ultro
1253 921 1331 960 aut
1356 931 1386 960 a
1403 919 1537 961 choro
1565 932 1640 961 ex-

193 988 333 1029 citata
352 989 453 1028 ante
474 987 528 1028 de
549 999 632 1027 sua
649 987 901 1028 calamitate
920 987 1134 1039 exposuit,
1153 987 1271 1028 hanc
1282 1000 1457 1040 quoque
1468 990 1641 1040 partem

193 1066 491 1095 aerumnosae
510 1054 628 1093 vitae
652 1055 869 1102 numerat,
898 1053 1018 1104 quod
1046 1046 1146 1104 αὐτὴ
1173 1051 1247 1101 μὲν
1272 1052 1531 1102 ἐκμοχθοῦσα
1557 1067 1641 1104 κερ-

199 1118 310 1160 κίσιν
345 1118 546 1167 πέπλους,
586 1112 686 1171 afim}
724 1117 768 1158 δὲ
812 1115 949 1171 πηγὰς
991 1116 1220 1169 ποταμίους
1263 1118 1487 1172 φορουμένη
1529 1121 1641 1171 (309)

197 1190 348 1229 vivere
389 1190 584 1239 cogatur.
646 1187 849 1239 Denique
888 1200 1021 1239 quem
1060 1187 1185 1228 ducis
1223 1188 1318 1228 filia
1356 1188 1415 1228 ad
1459 1188 1643 1229 serviles

196 1267 359 1308 voperas
398 1254 651 1295 necessaria
689 1256 805 1294 sorte
844 1254 1014 1295 deiecta
1051 1266 1230 1295 movere
1267 1255 1407 1307 possit
1444 1254 1644 1296 dolorem

198 1324 299 1376 ipsa
342 1322 504 1363 minuit
541 1321 806 1362 affirmando
845 1322 1152 1363 necessitatem
1196 1322 1252 1363 ab
1297 1322 1367 1363 his
1412 1323 1642 1364 laboribus

199 1391 369 1431 abesse.
436 1389 582 1430 Huius
626 1389 749 1430 modi
795 1391 1069 1441 argumentis
1112 1389 1299 1431 fortasse
1336 1390 1642 1431 Kirchhoffius

199 1457 423 1498 adductus
462 1458 529 1497 est
563 1458 610 1496 ut
637 1456 718 1496 hos
754 1459 843 1497 tres
871 1468 1027 1497 versus
1064 1457 1121 1498 ab
1149 1457 1376 1509 Euripidis
1414 1457 1645 1509 tragoedia

200 1524 375 1565 secludi
401 1524 565 1573 mallet,
599 1536 703 1564 cum
740 1525 1002 1576 praesertim
1039 1524 1109 1564 his
1148 1524 1297 1565 eiectis
1335 1536 1389 1564 ea
1427 1536 1540 1576 quae
1579 1536 1644 1564 se-

199 1593 400 1644 quuntur
428 1590 707 1632 commodius
736 1590 795 1631 ad
823 1591 1053 1642 superiora
1080 1590 1383 1632 adiiciantur.“

310 1678 414 1718 Non
441 1690 626 1730 possum
653 1678 798 1718 facere
818 1679 926 1730 quin
944 1678 1277 1719 Kirchhoffium
1303 1681 1421 1720 recte
1447 1678 1530 1719 hos
1549 1691 1646 1719 ver-

201 1757 280 1786 sus
320 1745 554 1786 scclusisse
593 1744 877 1795 concludam3
922 1745 1184 1799 Euripidem
1223 1738 1369 1799 ἀφείην
1406 1746 1646 1799 scripsisse,

201 1813 326 1866 quod
347 1825 374 1853 a
392 1812 526 1853 Porto
545 1813 821 1865 propositum
838 1813 1146 1854 Kirchhoffius
1165 1814 1341 1866 recepit,
1360 1813 1471 1855 mihi
1489 1826 1648 1866 parum

205 1879 449 1920 verisimile
477 1879 664 1919 videtur.

260 1966 393 2007 Herc.
421 1966 449 2006 f.
483 1969 582 2008 1218

440 2041 482 2081 τί
507 2058 579 2093 μοι
605 2041 807 2096 προσείων
832 2046 944 2097 χεῖρα
972 2042 1179 2098 σημαίνεις
1205 2042 1346 2099 φόνον;

444 2104 498 2157 ὡς
523 2105 580 2163 μὴ
606 2107 731 2161 μύσος
757 2127 806 2161 με
835 2113 915 2151 σῶν
940 2109 1045 2165 βάλῃ
1072 2110 1445 2166 προσφθεγμάτων,-

314 2209 438 2252 Haec
465 2210 620 2252 fabula
641 2212 735 2252 cod.
755 2211 1010 2254 Florentino
1031 2214 1093 2264 32,
1113 2217 1136 2253 2
1155 2214 1321 2263 nititur,
1348 2214 1394 2254 in
1423 2226 1510 2266 quo
1536 2211 1653 2263 βαλεῖ

203 2278 381 2330 legitur,
413 2278 533 2331 quod
561 2278 763 2331 Scaliger
789 2280 837 2321 in
863 2275 969 2333 βάλῃ
995 2281 1195 2322 mutavit.

311 2362 340 2401 J
343 2374 416 2401 am
444 2364 533 2402 tres
560 2362 694 2412 locos,
723 2364 800 2404 ubi
818 2364 865 2403 in
884 2364 1010 2404 codd.
1031 2364 1230 2404 futurum
1248 2364 1345 2405 loco
1374 2363 1644 2406 conjunctivi

317 2512 339 2550 ¹)
362 2511 408 2544 Cf.
431 2512 614 2545 Vahlenum
635 2513 657 2544 l.
682 2513 701 2545 l.
724 2523 776 2555 pp.
800 2514 820 2545 6
842 2524 922 2556 sqq„
945 2525 997 2557 pp.
1023 2515 1059 2546 11
1084 2525 1130 2556 sq.
