1815 3068
744 201 1001 240 -37-

256 314 345 355 Pro
372 309 413 351 ἐν
438 311 488 353 L.
516 311 775 353 Dindorfius
802 307 878 351 εἶνί
895 312 1133 365 proposuit,
1153 311 1385 352 Nauckius
1412 311 1585 362 recepit.

154 385 210 426 Et
228 380 408 434 quidem
425 379 535 421 haec
554 381 619 421 est
645 379 889 433 probabilis
917 380 1185 429 coniectura;
1212 391 1318 419 nam
1344 379 1391 419 in
1415 391 1454 419 v.
1475 378 1586 418 anti-

155 447 377 499 strophico
403 446 566 498 legitur

471 506 546 553 ἵν’ἶ)
575 511 828 563 ποντομέδων
855 510 1085 565 πορφυρέας
1110 509 1264 562 λίμνας.

257 585 586 628 Herwerdenus
631 589 675 628 et
717 586 1022 627 Weckleinius
1067 598 1146 638 pro
1180 585 1248 623 ἵνα
1283 599 1332 634 με
1358 598 1447 626 11011
1476 586 1586 626 bene

155 654 427 705 scripserunt
467 650 614 702 χθονὸς
661 647 698 705 ἥ.
771 641 913 695 Iideni
966 666 1015 702 με
1067 666 1122 694 ex
1174 666 1212 693 v.
1266 655 1341 693 733
1392 655 1585 693 transtu-

151 720 299 761 lerunt
324 721 459 773 idque
485 723 585 773 post
610 719 652 759 ἐν
678 723 929 774 posuerunt.
986 720 1074 762 Sed
1100 719 1186 761 hoc
1219 722 1284 760 est
1315 720 1446 760 nimis
1473 719 1584 760 forte

150 788 406 829 remedium.
466 787 553 829 Pro
582 788 801 841 scriptura
827 788 1044 829 librorum
1072 779 1256 837 ἀγέλαισι
1285 789 1362 828 cet.
1390 786 1584 827 Dindor—

149 854 235 895 fius
261 857 378 895 recte
407 848 570 905 ἀγέλαις
595 856 796 896 restituit.

253 920 481 962 Hactenus
519 933 626 962 usus
662 921 930 974 Euripideus
970 921 1026 962 ab
1054 920 1300 973 Aeschyleo
1336 923 1378 961 et
1412 919 1582 972 Sopho-

150 988 243 1029 cleo
276 987 388 1029 nihil
426 988 656 1041 discrepat.
722 988 971 1041 Aeschylus
1009 989 1127 1029 enim
1165 988 1409 1041 optativum
1447 988 1584 1029 semel

147 1056 195 1095 in
228 1057 449 1095 structura
481 1056 615 1096 simili
645 1056 941 1107 usurpavisse,
976 1055 1214 1107 Sophocles
1248 1055 1367 1095 hunc
1398 1055 1582 1095 modum

148 1122 426 1164 conjunctivo
476 1123 737 1176 praetulisse
787 1123 973 1164 videtur.
986 1123 1013 1173 ¹)
1084 1123 1151 1163 De
1197 1122 1353 1164 effectu
1396 1122 1581 1163 actionis

146 1202 237 1230 non
270 1190 460 1230 vividius
494 1191 724 1242 cogitatur,
765 1203 900 1242 quam
928 1190 982 1230 de
1011 1191 1182 1231 actione
1219 1191 1334 1242 ipsa3
1372 1191 1581 1242 quocirca

146 1256 265 1297 idem
290 1256 450 1297 modus
478 1256 713 1298 adhibetur
740 1258 817 1309 qui
842 1258 889 1297 in
917 1258 1141 1298 enuntiato
1168 1257 1318 1298 libero.

250 1322 339 1364 Ubi
377 1327 524 1364 autem
568 1324 872 1364 conjunctivus
909 1327 1009 1376 post
1044 1325 1283 1376 particulas
1320 1324 1475 1365 finales
1513 1325 1579 1364 in-

146 1389 333 1440 venitur,
361 1390 636 1430 enuntiatum
662 1402 752 1430 non
777 1390 907 1442 plane
942 1391 1255 1431 secundarium
1285 1390 1452 1431 factum
1484 1402 1580 1430 esse

145 1456 258 1497 mihi
284 1457 469 1497 videtur.
526 1457 612 1498 Sed
641 1458 815 1498 etiamsi
846 1470 916 1498 res
955 1458 1082 1499 aliter
1109 1470 1155 1499 se
1182 1458 1327 1508 habet,
1360 1458 1580 1510 particula

144 1524 306 1575 pendet
324 1536 352 1563 a
369 1524 557 1574 notione,
584 1524 723 1575 illum,
752 1525 828 1576 qui
850 1525 1078 1577 optaverit,
1107 1538 1203 1566 rem
1222 1527 1418 1578 optatam
1446 1525 1578 1577 adep-

144 1592 295 1632 turum
322 1602 428 1632 esse.

331 1671 365 1708 2.
407 1668 724 1709 Coniunctivus
750 1669 798 1709 in
826 1669 951 1710 codd.
980 1670 1152 1721 legitur.

196 1744 346 1797 Suppl.
377 1748 454 1786 620
506 1741 688 1784 ποτανὰν
714 1742 750 1784 εἰ
777 1743 827 1793 μέ
852 1760 914 1792 τις
940 1748 1047 1785 θεῶν
1073 1744 1221 1795 κτίσαι,

507 1810 735 1861 διπόταμον
762 1811 828 1851 ἵνα
855 1809 978 1852 πόλιν
1002 1810 1125 1863 μόλω.

246 1884 411 1938 μόλοιμι
456 1890 630 1930 admitti
667 1891 821 1942 nequit
858 1891 926 1939 (cf.
968 1905 1008 1931 v.
1050 1894 1135 1931 ant.
1176 1888 1394 1942 παιδόγονε
1431 1889 1578 1942 πόριος

143 1949 316 2005 Ἰνάχου).
370 1956 504 1997 Notio
532 1968 646 2010 quae
671 1957 719 1997 in
747 1958 882 1999 verbo
909 1961 1047 1996 κτίσαι
1074 1960 1189 2000 inest
1217 1959 1407 2001 vividior
1433 1960 1493 2000 fit.

244 2034 284 2074 J.
312 2033 356 2073 Τ.
387 2036 463 2074 439
516 2028 597 2071 εἴθ’
628 2027 804 2081 εἰχαῖσιν
831 2034 1092 2082 δεσποσύνοις

513 2096 662 2153 Λήδας
684 2094 820 2141 Ἑλένα
847 2098 949 2154 φίλα
977 2104 1079 2150 παῖς

513 2166 693 2206 ἑλθοῖσα
720 2165 831 2216 τύχοι
858 2167 932 2207 τάν

518 2233 688 2288 Τρῳάδα
715 2235 896 2277 λιποῖσα
924 2235 1054 2287 πόλιν,
1083 2231 1131 2276 ἵν)
1162 2230 1266 2292 ἀμφὶ
1292 2235 1414 2291 χαίτᾳ

513 2300 655 2353 δρόσον
682 2301 908 2355 αἱματηρὰν

511 2366 736 2419 εἱλιχθεῖσα
763 2367 996 2425 λαιμοτόμῳ

511 2435 731 2484 δεσποίνας
754 2438 837 2490 χερὶ
865 2435 975 2491 θάνῃ

510 2501 660 2552 ποινάς
687 2498 793 2545 δοῦσ’
824 2499 1080 2553 ἀντιπάλους.

245 2609 267 2649 ¹)
291 2607 338 2641 Cf.
359 2606 484 2640 Weber.
509 2608 530 2640 1.
553 2608 573 2640 1.
596 2611 681 2651 part.
702 2609 729 2647 Ι,
751 2620 781 2652 p.
803 2610 856 2647 83,
876 2621 905 2653 p.
929 2611 978 2643 94.
