1815 3047
221 230 293 272 Or.
324 232 401 271 314
453 222 529 267 κόἷν
555 224 610 281 μὴ
637 228 734 282 νοσῇ
761 226 847 280 γάρ,
876 220 983 268 ἀλλὰ
1010 226 1157 281 δοξάζῃ
1186 228 1328 276 νοσεῖν,

454 294 633 346 κάματος
659 296 871 347 βροτοῖσιν
899 287 1056 347 ἀπορία
1083 309 1127 334 τε
1152 291 1341 346 γίγνει-αι.

270 375 355 416 His
383 375 531 416 verbis
564 386 700 415 scena
730 374 869 424 finita,
907 374 1088 415 Electra
1122 374 1172 414 in
1208 373 1426 426 palatium
1462 373 1607 413 intrat.

167 441 454 483 Hermannus
498 442 617 482 recte
669 442 857 492 monuit,
912 452 1092 483 scenam
1145 440 1361 481 sententia
1412 437 1611 492 generali
1661 436 1664 440 '

167 509 297 550 finiri.
311 510 337 558 ¹)
391 508 460 549 De
487 520 674 549 numero
703 507 921 560 singulari
946 508 994 549 in
1021 507 1189 560 protasi
1216 506 1270 548 cf.
1299 506 1396 548 Alc.
1429 509 1504 547 355

994 577 1069 637 ἡδὺ
1086 580 1171 636 γὰρ
1199 579 1356 637 φιλους,

418 647 492 691 κᾶν
517 650 635 692 νυκτὶ
661 650 848 701 λεύσσειν,
875 645 995 692 ὅντιν’
1027 645 1077 691 ἓν
1103 650 1218 704 παρῇ
1243 649 1391 703 χρόνον,

168 731 247 772 ubi
292 744 347 772 ex
391 730 556 784 plurali
600 732 647 772 in
703 730 889 784 apodosi
949 729 1189 782 singularis
1245 730 1361 781 φίλος
1415 725 1609 771 subaudi

166 799 308 839 endus
336 801 412 840 est.

220 870 369 911 Etiam
396 870 513 912 And.
543 873 619 912 421
985 866 1125 921 οἰκτρὰ
1152 865 1226 921 γὰρ
1253 865 1306 908 τὰ
1336 868 1503 921 δυστυχῆ

666 939 828 988 βροτοῖς
855 931 1000 985 ἅπασι,
1028 931 1106 977 κᾶν
1135 938 1308 988 θυραῖος
1335 930 1393 977 ὢν
1419 937 1530 989 κυρῇ.

268 1016 323 1057 In
350 1015 445 1058 cod.
481 1015 524 1057 A
552 1012 939 1069 νοσήσῃσ-δοξάζῃς,
973 1016 1020 1059 in
1052 1015 1090 1057 B
1118 1013 1461 1069 νοσῇς-δοξάζεις,
1495 1016 1542 1057 in
1568 1015 1606 1057 E

164 1081 458 1135 νοσῇ-δοξάζῃ,
486 1084 535 1123 in
566 1083 603 1124 F
632 1084 667 1123 0
689 1078 1010 1135 νοσῇς-δοξάζῃς
1045 1083 1265 1135 leguntur.
1331 1084 1390 1125 Et
1427 1084 1607 1126 criticus

165 1150 347 1203 quidem
392 1149 692 1202 Callistratus,
732 1150 976 1204 discipulus
1015 1150 1327 1204 Aristophanis
1372 1150 1607 1203 Byzantini

164 1219 433 1270 scripturam
470 1218 676 1269 eandem,
724 1230 861 1271 quam
897 1218 1081 1270 praebet
1117 1217 1213 1258 cod.
1253 1218 1291 1258 E
1331 1217 1606 1269 (Parisinus),

167 1285 441 1337 approbavit.
498 1284 562 1326 Cf.
592 1284 889 1326 scholiastam.
949 1283 1080 1333 Quod
1105 1285 1154 1325 in
1180 1284 1411 1326 Marciano
1444 1285 1607 1337 legitur

162 1349 332 1403 νοσῆσῃς
360 1364 387 1392 a
413 1351 515 1404 νοσῇ
540 1354 584 1393 et
610 1351 732 1404 νοσῇς
749 1354 895 1393 ortum
914 1354 981 1393 est
997 1352 1245 1407 secundum
1262 1351 1610 1408 Kirchhoffium,

160 1431 303 1471 neque
331 1419 484 1459 dubito
512 1419 621 1472 quin
647 1430 718 1459 res
746 1431 793 1460 se
819 1419 883 1459 ita
907 1418 1081 1460 habeat.
1129 1418 1219 1460 Sed
1236 1421 1378 1471 poeta,
1396 1419 1444 1459 ni
1461 1419 1604 1470 fallor,

160 1485 355 1526 dedisset
372 1482 435 1523 κεί
452 1482 507 1537 μὴ
526 1487 655 1531 νοσεῖς
683 1482 761 1533 urs,
789 1486 828 1526 si
845 1486 1024 1527 Electra
1047 1486 1232 1527 fratrem
1258 1486 1452 1527 allocuta
1477 1489 1602 1527 esset.

159 1552 248 1594 Res
276 1553 396 1594 enim
422 1564 633 1606 praesens
660 1553 906 1606 respicitur,
934 1565 1078 1606 neque
1097 1553 1209 1594 coni.
1237 1564 1453 1606 umquam
1475 1565 1604 1594 usur-

158 1622 302 1672 patur,
342 1621 430 1661 nisi
464 1632 535 1661 res
569 1620 628 1661 ad
660 1633 756 1661 rem
781 1620 980 1661 futuram
1007 1622 1184 1673 spectat.
1239 1619 1384 1661 Locos
1422 1621 1603 1673 quidem

159 1687 412 1740 complures
446 1687 537 1728 iam
569 1688 872 1738 tractavimus,
905 1687 983 1728 ubi
1020 1687 1131 1728 coni.
1171 1698 1243 1728 res
1269 1697 1411 1740 praes.
1442 1688 1603 1740 respici

155 1755 255 1795 visa
282 1757 365 1804 est3
393 1755 473 1796 sed
500 1766 657 1795 sensus
685 1767 859 1807 semper
886 1756 996 1796 erat:
1025 1754 1269 1807 apparebit,
1297 1767 1400 1796 cum
1427 1767 1498 1795 res
1526 1767 1601 1796 ex-

156 1821 332 1873 plorata
358 1822 453 1862 erit.
482 1820 604 1861 Coni.
645 1821 705 1862 ad
741 1833 837 1861 rem
873 1823 1048 1861 tantum
1073 1821 1268 1861 futuram
1296 1823 1474 1873 spectat.
1529 1822 1600 1862 Ex

155 1900 207 1928 eo
234 1888 355 1940 quod
394 1888 489 1929 dixi
527 1890 710 1940 apparet
741 1900 812 1929 me
844 1887 1052 1929 Nauckio
1075 1901 1120 1932 v.
1150 1890 1226 1929 315
1254 1889 1429 1930 uncinis
1457 1888 1598 1930 seclu-

156 1954 278 1996 denti
304 1967 393 1995 non
422 1954 697 2008 adstipulari.

345 2050 407 2078 aa
433 2038 476 2087 α)
504 2037 613 2079 Post
637 2033 685 2090 ἢν
709 2033 782 2089 μήτ

257 2105 410 2160 Suppl.
440 2109 528 2147 597.
562 2108 675 2156 1082,
714 2105 834 2159 Cycl.
865 2108 954 2157 332,
991 2105 1107 2147 Med.
1138 2108 1200 2156 31,
1238 2105 1305 2146 Tr.
1347 2109 1435 2156 647,
1482 2106 1593 2158 frag.

147 2177 226 2216 901
257 2188 297 2216 v·
328 2178 415 2291 7affl)
452 2242 507 2282 In
534 2254 602 2294 ap.
630 2241 876 2294 perfectum
902 2244 1061 2282 exstat:

251 2308 363 2351 Post
388 2302 451 2362 ἢνε

252 2376 352 2416 Jon.
382 2378 473 2426 674,
501 2376 612 2427 frag.
643 2378 731 2417 379.

256 2480 279 2519 ¹)
301 2479 348 2514 cf.
371 2478 583 2514 scholiastam
604 2480 646 2513 ad
667 2480 700 2513 h.
722 2480 744 2513 1.
774 2482 879 2514 τοῦτο
912 2482 1119 2520 καθολικῶς
1152 2476 1220 2514 ἔδει
1252 2477 1452 2524 ἐξενεγκεῖν
1481 2475 1587 2514 οὕτω.
1646 2515 1648 2517 ,

147 2527 217 2564 κᾶν
238 2528 287 2574 μή
310 2530 401 2574 νοσῇ
422 2542 473 2571 τις
494 2528 566 2565 κτὲ.
