1815 3068
789 171 1048 209 ..53—

204 285 298 328 cod.
326 294 384 323 m.
414 293 497 328 sec.
525 275 562 331 y’
598 281 782 331 addidit,
820 277 916 333 quo*
946 282 1108 321 omisso
1145 282 1337 321 metrum
1373 280 1635 321 mendosum

202 354 278 395 est.
334 341 578 400 ἀποστείλῃς
604 349 670 389 est
700 347 959 389 Marklandi
994 347 1238 401 probabilis
1276 347 1528 388 coniectura
1555 360 1634 400 pro

204 413 450 461 ἀποστελεῖς.
503 415 624 456 Nam
651 416 761 456 coni.
791 417 931 455 aoristi
955 416 1122 467 requiri
1148 414 1259 456 mihi
1286 415 1471 456 videtur.

305 492 519 534 Mendum
545 493 779 534 metricum
815 493 949 534 etiam
986 492 1239 533 coniectura
1271 491 1540 532 Kirchhoffii
1566 504 1633 532 re-

201 561 403 601 movetur
441 553 527 607 oin,
565 553 613 611 ἢν
650 574 711 598 νιν
738 553 886 611 ’Ἄργος
923 555 1210 610 ἐξαποστείλῃς
1254 554 1393 605 πάλιν;
1441 559 1536 609 sed,
1586 562 1634 599 ut

201 627 367 679 opinor,
396 619 433 677 γ’
464 626 804 679 praeferendum
830 628 907 675 est,
935 626 1056 679 quod
1082 625 1275 666 Weilius
1302 627 1475 678 recepit.

303 703 570 745 Matthiaeus
595 704 771 756 scripsit
785 699 829 742 ἐἴ
843 718 902 742 νιν
930 700 988 749 εἷς
1001 697 1149 754 ’Ἀργος
1167 695 1203 753 y'
1232 695 1471 749 ἀποστελεῖς
1497 699 1632 743 πάλιν.

305 780 393 822 Sed
418 781 497 822 ubi
524 780 579 821 de
606 781 826 832 scriptura
851 780 1093 832 Euripidea
1131 780 1359 820 dubitatur
1396 774 1443 831 ἢν
1474 780 1630 820 melius

199 847 454 898 restituitur,
473 859 609 900 quam
626 847 816 888 formam
833 846 908 888 hic
926 849 1057 899 poeta
1075 847 1294 899 praetulit,
1314 859 1415 887 cum
1435 847 1633 899 Aeschy-

198 913 269 954 lus
296 914 427 965 longe
455 914 630 966 saepius
648 910 685 952 εἰ
710 914 1002 966 usurpaverit.
1058 913 1126 954 De
1153 907 1201 965 ἥν
1227 916 1271 954 et
1296 910 1333 951 εἰ
1359 915 1405 954 111
1433 926 1633 955 sermone

198 981 473 1033 tragicorum
500 979 698 1022 adhibito
726 980 778 1022 cf.
808 980 925 1022 infra
951 992 1045 1034 cap.
1064 980 1155 1032 11.¹)

250 1069 289 1110 J.
318 1069 371 1109 A.
405 1072 503 1109 1192
883 1066 944 1113 τίς
970 1067 1015 1108 δὲ
1040 1067 1111 1107 καὶ
1138 1067 1444 1119 προσβλέψεται

505 1133 667 1175 παίδων
693 1129 749 1184 (5³,
777 1132 846 1174 ἐὰν
873 1136 985 1188 σφῶν
1010 1133 1226 1187 προέμενος
1251 1131 1396 1189 κτάνῃς
1422 1132 1528 1183 τινάς

303 1223 612 1265 Correoturam
655 1224 856 1265 Elmsleii
904 1222 1119 1273 προέμενος
1164 1237 1242 1276 pro
1294 1223 1544 1275 προθέμενος
1587 1229 1630 1267 et

198 1291 320 1342 σφῶν,
360 1292 478 1343 quod
505 1291 782 1343 Hartungius
807 1292 1046 1344 proposuit,
1083 1291 1181 1332 loco
1220 1293 1462 1344 scripturae
1501 1293 1626 1334 codd.

197 1350 326 1396 αἰτῶν
352 1370 454 1399 cum
482 1357 686 1400 Nauckio
703 1358 870 1422 recepi.
926 1357 989 1399 Cf.
1019 1370 1166 1411 supra.

247 1446 363 1487 Med.
396 1449 470 1487 723
524 1440 626 1485 οὕτω
652 1440 692 1485 δ’
723 1443 800 1495 {figet
825 1460 897 1496 μοι
925 1447 997 1485 σοῦ
1022 1446 1094 1496 μὲν
1120 1445 1319 1500 ἐλθούσης
1342 1444 1484 1495 χθόνα,

507 1505 768 1565 ιπειράσομαί
795 1526 866 1553 σου
892 1513 1093 1565 προξενεῖν
1121 1512 1278 1562 δίκαιος
1304 1509 1371 1554 ὧν.

516 1577 677 1620 τοσόνδε
702 1579 840 1630 μέντοι
867 1595 932 1620 σοι
959 1579 1234 1634 προσημαίνω,
1263 1579 1392 1633 γύναι·

518 1646 562 1686 ἐκ
587 1647 707 1701 τῆσδε
732 1662 802 1697 μεν
829 1649 898 1701 γῆς
924 1642 971 1688 οἷῖ
997 1642 1037 1688 o'
1068 1643 1177 1701 ἄγειν
1202 1645 1462 1703 βουλήσομαι,

501 1708 600 1768 αἷτὴ
629 1708 667 1754 δ’
695 1711 842 1767 ἐάνπερ
869 1712 926 1762 εἷς
952 1714 1069 1765 ε’μούς
1093 1713 1220 1769 ἔλθῃς
1245 1713 1400 1767 δόμους,

499 1784 628 1831 μενεῖς
654 1777 798 1829 ἶίσυλος
823 1777 896 1822 κοῗὲ
921 1797 966 1822 σε
990 1784 1045 1836 μὴ
1069 1786 1186 1833 μεθῶ
1212 1799 1304 1823 τινι.

498 1848 542 1888 ἐκ
568 1849 686 1902 τῆσδε
712 1843 750 1888 δ’
781 1843 881 1902 αἶτὴ
907 1857 975 1902 γῆς
1002 1843 1268 1891 ἀπαλλάσσου
1294 1851 1424 1890 πόδα·

501 1909 682 1963 ἀναίτιος
708 1913 782 1968 γὰρ
808 1915 879 1955 καὶ
906 1916 1035 1964 ξένοις
1060 1912 1163 1957 εἶναι
1192 1917 1313 1958 θέλω.

297 2003 380 2044 Vv.
422 2006 627 2045 725—728
681 2001 969 2057 διττογραφίαν
1014 2007 1236 2048 continere
1282 2019 1491 2048 versuum
1536 2011 1621 2050 723.

193 2074 281 2112 724.
310 2073 396 2111 729.
427 2074 515 2122 730,
558 2070 864 2114 Weckleinius
900 2075 1018 2115 recte
1050 2075 1230 2114 monuit.
1287 2074 1370 2116 Cui
1409 2077 1624 2117 assentior

192 2139 355 2179 dicenti
398 2138 658 2192 Euripidem
701 2140 908 2182 Medeam
952 2141 1021 2182 bis
1065 2142 1273 2192 edidisse,
1320 2156 1387 2182 vv,
1410 2146 1622 2185 725—728

127 2246 130 2248 .
190 2206 350 2258 prioris
378 2205 581 2247 editionis
609 2219 714 2248 esse.

295 2282 358 2323 cf.
389 2284 522 2324 etiam
550 2266 838 2335 Christi'umss)
892 2285 1009 2326 Istae
1047 2282 1330 2337 διπογραφίαι
1358 2286 1622 2339 (complures

299 2407 322 2448 ¹)
343 2407 513 2441 Proeteroa
534 2409 586 2442 his
607 2409 687 2442 locis
696 2410 842 2442 futurum
856 2410 1046 2442 subaudias:
1068 2410 1139 2442 Hel.
1156 2410 1227 2447 832,
1250 2410 1299 2444 El.
1314 2411 1385 2444 274.
1401 2412 1473 2448 582,
1495 2412 1623 2446 Heracl.

192 2459 274 2493 1020
295 2459 480 2500 (Elmsleius
500 2460 582 2494 coni.
604 2461 716 2494 aorieti
736 2460 905 2503 restituit),
927 2460 981 2495 Or.
1003 2462 1075 2494 645.

192 2575 287 2616 1890)
295 2522 321 2564 ²)
342 2522 484 2608 Iglgbro
505 2533 600 2565 quem
619 2523 659 2557 de
684 2523 822 2557 historia
844 2524 1028 2558 litterarum
1060 2523 1256 2558 Graecarum
1284 2526 1415 2568 scripsit
1441 2526 1497 2567 (IL
1521 2527 1570 2560 ed.
1593 2538 1622 2561 a.

308 2585 339 2618 p.
424 2599 433 2609 ⁸
778 2590 782 2594 .
874 2594 876 2596 ,
1247 2597 1251 2599 .
