1815 3047
802 122 1063 162 ...24-

315 227 366 271 ἷίν
391 252 444 266 =
470 226 551 271 κᾶν
573 225 706 285 Ἑλένη
734 233 931 286 φονευθῇ.

314 301 368 341 In
413 300 577 341 Phoen.
608 302 657 341 92
710 297 888 349 ἐπίσχες,
934 294 989 348 ὥς
1033 295 1082 340 ἂν
1125 298 1445 355 προυξερευνήσω
1497 298 1647 353 στίβον,

210 381 343 444 quem
369 368 529 417 locum,
550 381 653 408 cum
669 367 834 410 Bacch.
858 371 959 443 1238³
975 381 1070 422 sqq.
1091 371 1328 411 tractarem
1346 382 1483 423 supra
1509 370 1649 421 attuli,

208 427 263 480 ὥς
291 429 344 472 ι’ίν
369 437 429 485 1115,
462 447 553 475 non
579 432 653 481 ἕως
681 429 731 473 ἅν
758 431 871 477 vel'
853 433 895 482 ἐς
920 428 959 473 τ’
989 429 1039 474 ἄν
1076 435 1310 487 significat,
1348 438 1398 477 ut
1424 436 1649 479 Porsonus

208 502 390 542 monuit.

311 573 377 631 ὡς
393 578 443 623 ἂν
468 581 525 637 μή
545 585 720 627 duobus
747 585 857 627 locis
884 586 1123 627 invenitur:
1151 585 1249 627 Hel.
1275 588 1387 637 1181,
1417 586 1538 639 Cycl.
1562 589 1647 628 155.-

400 673 445 723 2)
471 673 580 715 Post
606 675 808 726 tempora
834 673 1111 716 secundaria.

462 757 504 805 α)
533 757 590 797 ab
619 749 673 802 ὡς
699 756 804 797 solo.

258 849 375 890 And.
405 851 482 891 423
537 846 573 888 εἰ
600 845 798 901 ξύμβασιν
825 847 869 889 δὲ
894 849 988 901 χρῆν
1014 862 1058 890 σε
1084 849 1220 890 παῖδα
1248 846 1322 903 σὴν
1349 843 1467 901 ἄγειν,
1493 892 1495 894 ,

529 916 720 965 Μενέλαε,
748 916 820 956 καὶ
845 910 969 970 τήνδ’,
997 912 1052 963 ὦς
1079 912 1329 970 ἀπαλλαχθῇ
1355 914 1502 956 πόνων.

310 1004 625 1058 Imperfectum
661 1005 757 1058 κρῆν
792 1019 872 1059 pro
914 1007 1136 1059 praesenti
1170 1003 1242 1060 χρή
1275 1006 1360 1048 hoc
1385 1006 1483 1049 loco
1521 1018 1650 1048 usur-

205 1074 361 1125 patum
388 1075 454 1113 est
463 1073 505 1122 ¹).
560 1072 710 1114 Mente
736 1073 995 1114 addendum
1022 1076 1088 1114 est
1121 1066 1209 1111 ἀλλ’
1240 1067 1311 1112 οὐκ
1326 1067 1437 1125 ἄγεις
1464 1073 1547 1113 κτλ.
1579 1068 1650 1126 ἥδε

205 1141 254 1181 111
282 1154 321 1181 V.
342 1143 420 1181 424
446 1140 768 1182 Andromacha
794 1143 869 1182 est.

259 1218 369 1259 Hec.
401 1220 501 1259 1243
881 1211 965 1257 οὔτ’
996 1215 1094 1271 ἐμὴν
1120 1218 1251 1265 δοκεῖς
1274 1215 1394 1270 χάριν

514 1278 598 1324 οἴτ)
629 1276 698 1324 οὖν
721 1278 897 1333 ’Λχαιῶν
926 1278 1040 1337 ἄνδρ’
1072 1278 1315 1325 ἀποκτεῖναι
1342 1284 1462 1334 ξένον,

510 1346 602 1390 ἄλλ’
633 1346 688 1398 ὥς
714 1349 803 1404 ἔχῃς
828 1349 897 1391 τὸν
921 1349 1067 1404 χρυσὸν
1092 1351 1134 1391 ἐν
1160 1348 1323 1402 δόμοισι
1350 1354 1449 1399 σοῖς.

310 1433 365 1487 ὥς
391 1454 448 1482 ex
476 1433 721 1480 ἀποκτεῖναι
748 1441 920 1494 pendet.
982 1442 1033 1482 Ut
1060 1455 1202 1482 aurum
1227 1442 1387 1482 haberes
1412 1442 1527 1482 illum
1554 1444 1650 1482 occi·

204 1509 310 1557 disti,
337 1512 383 1548 ut
408 1510 506 1548 mihi
531 1509 695 1557 videtin,
722 1522 841 1558 neque
868 1522 894 1548 a
920 1510 1078 1548 consilio
1106 1510 1304 1549 destitisti.

203 1596 244 1637 J.
274 1596 317 1636 T.
351 1598 449 1637 1181
505 1598 579 1634 Im.
613 1593 685 1634 καὶ
710 1592 790 1647 μὴν
816 1596 1020 1634 καθεῖσαν
1046 1594 1185 1646 δέλεαρ
1212 1591 1286 1647 ἡδύ
1311 1610 1384 1644 μοι
1410 1595 1569 1647 φρενῶν.

487 1664 571 1702 ΘΟ.
608 1662 687 1700 τῶν
711 1655 907 1713 Ἀργόθεν
933 1658 976 1699 τί
1002 1658 1169 1713 φίλτρον
1196 1654 1429 1713 ἀγγέλλοντέ
1455 1674 1537 1709 σοι;

494 1732 566 1768 Im.
612 1726 681 1769 τὸν
705 1725 828 1778 μόνον
851 1721 1041 1781 Ὀρέστην
1067 1725 1163 1778 ἐμὸν
1190 1722 1363 1781 ἆδελφόν
1389 1721 1570 1778 εὐτυχεῖν.

490 1797 569 1835 ΘΟ.
607 1789 662 1843 ὥς
688 1792 738 1848 δή
766 1809 843 1848 σφε
871 1791 1003 1848 σώσῃς
1029 1789 1193 1848 ἡδοναῖς
1220 1790 1487 1847 ἀγγελμάτων.

309 1879 397 1920 Pro
418 1881 640 1932 scriptura
658 1875 952 1925 1101111.σώσαις
970 1880 1303 1920 coniunctivum
1321 1892 1424 1920 cum
1441 1878 1648 1921 Nauokio

204 1947 375 2000 scripsi,
415 1959 518 1987 cum
544 1945 852 1988 Kirchhoffius
881 1948 923 1987 et
949 1945 1257 1988 Weckleinius
1299 1947 1545 2000 optativum
1581 1959 1650 1988 re-

204 2015 426 2055 tinuerint.
483 2014 731 2055 Consilium
757 2015 803 2055 in
831 2015 1082 2066 praesentia
1109 2017 1184 2055 est.

204 2102 278 2145 Or.
308 2105 387 2144 444
439 2103 514 2143 ΟΡ.
541 2098 671 2154 κύκλῳ
699 2098 774 2154 γάρ
802 2098 1069 2153 εἱλισσόμεθα
1096 2098 1349 2155 παγχάλκοις
1375 2096 1538 2150 ὅπλοις·

411 2183 507 2220 ΜΕ.
537 2177 625 2233 ἰδίᾳ
652 2177 759 2231 προς
784 2179 940 2231 ἐχθρῶν
967 2175 994 2233 ἢ
1019 2177 1120 2232 πρὸς
1145 2173 1329 2233 Ἀργείας
1353 2176 1482 2231 χερός,·

435 2250 513 2289 ΟΡ.
542 2244 707 2287 πάντων
733 2245 838 2299 πρὸς
865 2242 1006 2297 ἀστῶν,
1034 2242 1088 2295 ὥς
1114 2244 1242 2288 θάνω.

309 2327 575 2381 εἱλισσόμεθα
603 2350 656 2364 =
684 2332 986 2384 cingebamur.
1041 2331 1253 2373 Formam
1280 2343 1376 2374 esse
1403 2331 1649 2385 praesentis

313 2473 337 2513 ¹)
374 2472 421 2506 cf.
444 2472 502 2506 Ar.
523 2472 611 2506 Plut.
634 2472 698 2506 432
720 2467 800 2506 ἀλλ’
824 2466 898 2515 ἥτις
922 2468 962 2513 εἶ,
986 2469 1104 2516 λέγειν
1119 2469 1259 2517 σ’ἐκρῆν
1275 2469 1401 2507 αὐτίκα
1423 2470 1533 2514 μάλα.
1554 2473 1589 2505 et
1603 2472 1649 2506 ib.

203 2535 232 2556 v.
255 2524 316 2556 487
340 2521 414 2558 ἀλλ’
444 2519 505 2567 ἢδη
525 2528 613 2568 χρῆν
635 2537 667 2558 τι
689 2522 807 2567 λέγειν
829 2520 921 2565 ὑμᾶς
944 2521 1063 2567 σοφὸν
1084 2522 1157 2559 κτὲ.
1481 2554 1482 2557 ,
