1815 3068
724 654 880 700 Pars
917 654 1093 712 prior.

495 770 581 863 De
625 793 969 862 enuntiatis
1000 786 1320 862 finalibus.
1346 870 1349 873 ¹

279 1014 338 1056 A.
390 1014 464 1055 De
497 1012 767 1056 enuntiatis
800 1023 928 1063 quae
962 1015 1081 1055 sunt
1112 1012 1255 1063 quasi
1286 1012 1538 1056 adverbia.

294 1120 398 1163 Tria
423 1122 526 1162 sunt
542 1132 707 1174 genera
724 1120 1075 1162 enuntiationum
1092 1119 1306 1172 finalium,
1334 1120 1623 1171 adverbialia,

192 1189 488 1238 substantiva,
539 1201 592 1228 ea
639 1200 753 1240 quae
798 1189 998 1228 notiones
1037 1188 1222 1229 timendi
1257 1188 1330 1229 vel
1366 1187 1624 1240 suspicandi

191 1255 445 1308 sequuntur.
509 1254 563 1295 In
600 1245 948 1305 adverbialibuS,
987 1266 1077 1307 qua
1112 1253 1347 1295 eonsilium
1383 1253 1621 1307 perficitur,

193 1322 320 1373 actio,
347 1322 396 1362 in
422 1321 521 1363 aliis
540 1333 644 1362 vero
664 1320 898 1363 consilium
919 1320 1238 1371 tantummodo,
1265 1333 1356 1362 non
1374 1321 1489 1362 actio
1507 1333 1622 1374 quae

190 1390 258 1430 est
291 1389 553 1439 necessaria,
592 1388 864 1441 exprimitur.
917 1387 1168 1430 Particulae
1205 1399 1320 1441 quae
1351 1389 1623 1441 usurpantur

190 1457 295 1497 sunt
322 1455 401 1503 ἵνα,
420 1448 543 1503 ὅπως,
570 1448 635 1502 ὥς,
663 1447 730 1493 ἵνα
747 1451 814 1507 μή,
844 1448 957 1502 ὅπως
972 1450 1040 1508 μή,
1067 1448 1122 1501 ὥς
1136 1450 1205 1507 μή.
1245 1453 1333 1504 Qui
1358 1466 1466 1496 usus
1491 1454 1625 1496 fuerit

189 1522 470 1576 Euripidem,
498 1524 714 1575 quatenus
742 1521 814 1564 bic
840 1534 948 1563 usus
973 1534 1001 1563 a
1017 1523 1187 1564 ratione
1214 1524 1461 1564 ceterorum
1486 1523 1623 1574 tragi-

189 1601 345 1631 corum
381 1591 424 1631 et
461 1590 640 1630 omnino
678 1589 944 1642 scriptorum
980 1589 1231 1631 Atticorum
1268 1589 1458 1639 differat,
1502 1601 1621 1630 nunc

188 1659 438 1709 quaeretur.

292 1723 362 1765 Ao
394 1724 588 1777 primum
625 1722 804 1777 quidem
842 1723 897 1765 de
934 1724 1170 1765 enuntiatis
1207 1735 1365 1765 revera
1398 1723 1620 1773 finalibus,

188 1791 532 1842 adverbialibus,
560 1802 758 1843 agamus

186 1925 220 1966 I.
275 1925 352 1966 De
397 1925 780 1977 conjunctivo
831 1926 889 1965 in
933 1926 1252 1967 sententiis
1297 1926 1621 1967 adverbia-

657 1991 816 2032 libus
858 1991 1143 2033 adhibito.

293 2089 407 2130 Cum
443 2090 530 2130 viri
567 2089 686 2130 docti
720 2089 776 2130 de
812 2090 993 2142 propria
1028 2089 1161 2142 hujus
1199 2090 1321 2131 modi
1357 2091 1404 2131 vi
1429 2091 1544 2131 inter
1570 2101 1618 2131 se

185 2155 460 2207 dissentiant,
488 2168 591 2198 eum
617 2168 790 2210 semper
811 2155 871 2197 ad
887 2168 982 2198 rem
998 2155 1196 2198 futuram
1218 2157 1266 2197 in
1282 2156 1438 2209 lingua
1454 2167 1619 2209 graeca

184 2222 404 2276 pertinere
440 2224 555 2265 inter
588 2235 739 2265 omnes
768 2225 948 2264 constat
1002 2223 1103 2265 Hac
1128 2225 1175 2264 in
1208 2236 1256 2265 re
1283 2236 1311 2265 a
1337 2224 1616 2265 coniuncfivo

184 2289 343 2331 Latine
361 2289 518 2341 differt,
546 2291 624 2345 qui
641 2291 774 2332 etiam
791 2290 851 2331 ad
867 2302 963 2332 rem
979 2293 1258 2344 praesentem
1275 2293 1319 2332 et
1334 2291 1618 2343 praeteritam

183 2359 363 2410 spectat.
426 2356 545 2398 Usus
573 2358 667 2399 eius
694 2360 797 2399 sunt
829 2357 894 2408 hi,
933 2357 1251 2409 adhortativus,
1290 2358 1616 2408 deliberativuS‚

182 2423 344 2476 finalis,
380 2425 419 2466 is
446 2425 524 2478 qui
549 2425 597 2467 in
624 2425 860 2467 enuntiatis
896 2424 1105 2478 relativis,
1143 2425 1478 2480 temporalibus,
1512 2437 1617 2468 oon-

183 2490 480 2534 dicionalibus
506 2493 740 2545 reperitun
777 2493 1021 2545 praeterea
1041 2493 1088 2534 in
1120 2492 1307 2535 Homeri
1343 2493 1616 2535 carminibus

183 2569 291 2600 usus
317 2558 535 2611 futui-alis,
563 2560 641 2613 qui
658 2571 687 2601 a
702 2559 840 2601 futuri
856 2571 941 2601 usu
959 2560 1037 2602 vix
1056 2560 1212 2604 differt.
