1815 3068
0 0 224 33 zffux‘zmqffiiffi-zgff
234 4 243 17 ΑΙ
260 0 288 10 ,»
307 0 334 12 22„
381 2 398 9 γ,
410 0 452 12 ;Λ.,,.
463 0 484 6 -.
514 0 528 9 ,.,
559 4 572 9 ,,
611 8 627 12 „.
696 2 698 4 ,
733 0 736 1 ⁷
771 5 772 8 ,

764 182 994 218 -7-·

170 301 249 342 Ar.
276 295 395 340 Nub.
425 295 503 335 190
538 288 615 343 ’ἐγὼ
641 288 717 344 γὰρ
743 284 823 348 οἶδ’
854 285 908 331 ἵν’
930 289 1009 333 εἶσὶ
1035 289 1202 344 μεγάλοι
1228 292 1300 333 καὶ
1325 291 1457 346 καλοί,
1496 294 1602 337 Eur.

169 360 331 406 Bacch.
363 360 461 402 1381
490 370 582 412 seq.
609 352 731 411 c't'yet²·‚
758 350 792 397 ὦ
817 356 985 409 πομποί
1009 373 1070 409 με,
1096 357 1339 412 κασιγνήτας
1364 360 1432 399 ἵνα
1451 374 1604 413 συμφυ-

169 424 297 481 γάδας
333 418 542 478 ληψόμεθ’
587 421 757 477 οἰκτράς.
811 426 875 468 Cf.
913 426 1020 468 Hec.
1051 430 1086 467 2.
1127 430 1213 468 711.
1267 428 1604 482 Nonnunquam

170 507 243 546 quo
288 492 586 546 significabat:
631 506 667 534 e.
693 505 743 545 g.
790 493 922 547 Soph.
959 494 1008 535 Ο.
1046 494 1098 535 R.
1136 497 1210 536 687
1251 488 1345 546 ὁρᾷς
1383 494 1437 533 ἵν’
1477 490 1604 548 ἥκεις

169 561 342 604 Eadem
367 561 508 602 verba
532 561 580 602 in
607 560 715 602 Oed.
743 560 835 602 Col.
863 563 941 602 937
967 561 1259 614 reperiuntur.

274 628 344 669 Ae
386 627 575 671 fortasse
610 628 721 669 haec
765 628 1010 681 particulae
1048 629 1169 674 notio
1214 631 1282 669 est
1324 630 1553 681 originalis
1562 631 1604 680 ¹).
1670 666 1674 669 .

169 695 373 736 Eandem
392 694 610 747 originem
627 694 792 736 habere
810 695 987 736 videtur
1006 708 1142 748 quam
1159 693 1212 744 ἕο,
1225 686 1282 744 οὗ,
1302 700 1345 736 et
1361 709 1605 749 pronomen

170 762 380 804 Latinum
417 762 510 813 is2),
548 764 592 804 et
627 762 704 804 vix
741 762 936 804 dubitari
972 765 1133 816 potest,
1172 764 1280 816 quin
1317 764 1605 814 enuntiatum,

171 830 291 883 quod
316 831 469 884 postea
496 829 811 871 secundarium
835 829 1003 871 factum
1030 832 1112 881 est,
1139 831 1334 884 primum
1358 830 1492 872 fuerit
1517 832 1605 884 pri·

170 898 375 947 marium,
402 896 475 938 vel
501 897 660 938 eodem
684 899 835 938 tenore
861 898 1163 950 progrediens.

276 964 423 1006 Semel
451 963 633 1016 quidem
659 964 779 1016 apud
804 963 910 1004 Eur.
937 965 1006 1004 vis
1034 966 1077 1005 et
1101 964 1256 1005 localis
1284 967 1327 1006 et
1352 965 1499 1005 finalis
1530 966 1607 1006 ob-

171 1032 390 1073 servatur:
418 1030 549 1084 Hipp.
577 1033 600 1071 7
605 1033 653 1071 32
682 1043 800 1084 seqq.

421 1107 632 1163 ἠλιβάτοις
656 1107 742 1152 ὑπὸ
768 1115 976 1163 κευθμῶσι
1004 1111 1198 1165 γενοίμαν,

421 1179 488 1220 ἵνα
515 1194 565 1231 με
590 1181 841 1234 πτεροῦσσαν
867 1174 975 1232 ὄρνιν

421 1248 520 1296 θεὸς
546 1247 588 1287 ἐν
612 1250 814 1296 ποταναῖς
840 1243 1026 1300 ἇγέλαισι
1054 1246 1162 1301 θείη.

275 1342 373 1385 Hoc
400 1342 499 1385 loeo
526 1341 594 1382 ἵνα
634 1343 954 1396 significatione
991 1343 1124 1385 locali
1161 1343 1292 1397 plane
1328 1355 1479 1385 carere
1516 1355 1607 1383 non

170 1412 331 1464 potest,
369 1411 449 1451 sed
485 1410 552 1451 illi
588 1410 818 1451 inhaerere
856 1412 1081 1451 notionem
1117 1411 1298 1451 finalem
1335 1423 1385 1451 eo
1425 1411 1606 1451 demon-

172 1480 348 1529 stratur,
377 1477 498 1530 quod
525 1471 576 1516 ὂῖν
601 1477 822 1530 particula
848 1478 979 1519 deest.
1019 1477 1067 1520 Si
1085 1477 1278 1519 addatur
1297 1470 1356 1529 ἶίν,
1385 1477 1607 1531 optativus

171 1544 434 1598 potentialis,
463 1545 540 1598 qui
557 1546 753 1596 vocatur,
773 1546 923 1595 exstet,
952 1546 995 1585 et
1012 1544 1213 1586 condicio
1231 1547 1378 1585 mente
1400 1544 1609 1585 addenda

172 1612 277 1662 sit3).
333 1612 407 1654 Sic
441 1612 676 1652 transitum
712 1613 778 1652 est
815 1624 870 1653 ex
906 1612 953 1652 vi
989 1611 1122 1652 locali
1159 1611 1374 1661 (relativa)
1413 1612 1460 1652 in
1495 1611 1607 1651 fina-

171 1678 273 1731 lem,
301 1689 427 1733 quae'
441 1677 580 1720 multo
606 1679 810 1730 usitatior
836 1678 955 1720 faeta
982 1681 1048 1720 est
1075 1691 1211 1732 quam
1235 1678 1315 1720 illa
1340 1679 1472 1732 prior.

278 1746 368 1789 Sed
392 1759 536 1799 neque
562 1746 667 1787 Eur.
696 1757 838 1799 neque
865 1746 942 1787 alii
967 1748 1121 1799 poetae
1139 1747 1298 1798 tragici
1325 1745 1391 1784 ἵνα
1415 1746 1607 1798 particu-

172 1814 265 1855 lam
289 1814 337 1855 in
365 1812 602 1855 enuntiatis
639 1812 848 1855 finalibus
883 1813 1203 1866 praetulerunt:
1242 1825 1348 1854 nam
1385 1812 1459 1854 ille
1496 1812 1607 1854 locis

174 1880 295 1923 CCX
331 1874 386 1927 ὦς
418 1880 631 1931 adhibuit,
671 1880 909 1933 Sophocles
936 1879 1077 1930 LVII,
1115 1879 1364 1932 Aeschylus
1391 1879 1606 1930 XXXIV,

174 1960 277 1991 cum
303 1948 473 2002 primus
500 1946 665 1998 LXXI,
694 1947 805 1987 alter
830 1946 955 1998 XIV,
993 1948 1148 1988 tertius
1174 1946 1220 1988 II
1247 1947 1451 1999 exempla-
1480 1959 1607 2000 prae-

280 2093 305 2132 ¹)
324 2092 470 2125 Akenius
492 2093 527 2125 in
548 2092 631 2124 libro
652 2102 746 2134 quem
767 2093 932 2135 inscripsit
980 2093 1061 2133 „Die
1084 2092 1280 2133 Grundziige
1312 2093 1370 2125 der
1401 2093 1503 2125 Lehre
1533 2103 1604 2124 vom

173 2144 320 2189 Tempus.
337 2145 406 2179 und
431 2144 549 2179 Modus
580 2144 625 2178 im
656 2142 783 2179 Grieeh.
803 2140 882 2179 hist.
904 2144 972 2178 und
1006 2144 1231 2188 vergleichend
1262 2144 1480 2187 aufgestellt,“
1515 2144 1606 2186 1869,

172 2208 204 2240 p.
227 2197 290 2229 114
309 2197 357 2230 aio
377 2196 472 2230 dieite
513 2197 593 2235 „Die
613 2207 714 2239 gauzo
733 2196 831 2230 finale
844 2195 1071 2239 Verwendung
1091 2197 1147 2230 des
1171 2194 1232 2230 ἵνα
1259 2197 1306 2229 ist
1331 2207 1393 2230 nur
1417 2207 1477 2229 aue
1503 2197 1609 2229 wohin

173 2247 372 2282 erklixtlieh!¹
415 2247 461 2282 Et
481 2248 516 2282 in
537 2259 569 2292 p.
593 2248 654 2282 118
672 2245 734 2283 ἵνα
754 2249 901 2283 nominat
927 2249 999 2288 „die
1027 2249 1185 2283 schal-fsto
1206 2248 1510 2291 Finaloonjunction,
1537 2248 1608 2281 eine

173 2301 400 2341 unmittelbaro
420 2301 644 2345 Hinriehtung
664 2302 721 2336 der
741 2301 920 2345 Handlung
941 2303 999 2336 auf
1016 2303 1069 2336 ihr
1090 2302 1157 2336 ziel
1177 2301 1420 2335 bezeichnendffi

278 2364 305 2405 ²)
325 2364 518 2397 Delbruook.
539 2364 562 2396 l.
584 2365 606 2398 l.
627 2375 659 2407 p.
682 2365 722 2397 57
745 2375 811 2407 seq.
833 2366 880 2397 sio
900 2365 997 2397 dicit:
1030 2365 1101 2405 „Im
1134 2363 1259 2397 Grifflzh.
1291 2364 1374 2396 vird
1397 2360 1459 2396 ἵνα
1487 2364 1535 2395 als
1556 2363 1609 2395 In-

175 2415 397 2462 strumentnlis
417 2415 601 2458 angeseheu
622 2415 768 2457 (Curtius
789 2416 913 2450 Erlfiut.
936 2416 950 2436 ²
972 2416 1053 2457 195),
1082 2426 1147 2449 was
1175 2415 1227 2449 die
1247 2414 1342 2448 Form
1369 2414 1544 2457 allerdings
1565 2425 1609 2448 an

174 2469 227 2502 die
247 2469 347 2502 Hand
365 2467 466 2510 giebt.
488 2485 530 2490 —
550 2468 591 2501 In
609 2465 670 2502 ἵνα
693 2468 774 2510 liegt
794 2469 862 2502 also
891 2469 1117 2512 ausgedriickt,
1150 2468 1224 2500 dass
1257 2468 1313 2500 der
1345 2468 1416 2500 eine
1444 2467 1520 2500 Satz
1547 2468 1611 2500 mit

174 2521 248 2555 dem
269 2520 390 2555 andern
409 2520 446 2553 in
466 2519 554 2553 einer
574 2518 786 2563 Verbindung
807 2531 867 2554 von
886 2520 1030 2554 Ursaohe
1051 2520 1118 2553 und
1139 2518 1299 2561 Wirkung
1320 2518 1439 2553 steht.“

279 2585 305 2625 ³)
328 2584 385 2618 Sic
406 2584 455 2617 vis
476 2583 597 2620 localis,
617 2594 681 2616 non
701 2584 810 2617 finalis
831 2584 865 2617 in
886 2583 1046 2626 particula
1066 2583 1154 2615 insit.
