1815 3047
788 111 1045 149 ..14-

386 222 423 270 1)
451 221 560 261 Post
584 223 787 275 tempora
812 223 1038 274 primaria.

382 290 423 337 a)
451 288 748 341 Imperativus
774 281 830 335 ὥς
855 289 1093 342 praecedit.

297 365 416 407 Med.
448 367 549 407 1315
1042 412 1045 414 q

469 426 625 474 &zade-9²
657 426 816 485 ἇρμούς,
844 427 899 480 ὦς
924 430 1000 473 ἴδω
1028 432 1200 473 διπλοῦν
1225 429 1359 483 κακόν,

469 500 562 548 τοὺς
586 499 660 551 μὲν
686 496 901 558 θανόντας,
928 496 1000 554 τὴν
1024 498 1069 540 δὲ
1094 497 1270 551 τίσωμαι
1297 496 1419 554 φόνῳ.

294 587 473 639 τίσωμαι
509 590 755 631 secundum
782 589 911 630 codd.
938 590 989 639 B,
1017 602 1053 638 c,
1082 589 1113 630 d
1144 591 1192 630 in
1229 591 1405 642 optimis
1434 590 1635 644 editioni·-

188 658 275 698 bus
313 657 567 699 recentibus
606 657 821 709 scriptum
860 658 944 708 -est,
989 656 1067 698 sed
1105 656 1324 708 Nauckio‚
1371 669 1473 698 cum
1517 656 1635 699 hanc

187 725 459 776 scripturam
503 724 739 775 receperit,
789 724 915 765 locus
966 725 1200 776 corruptus
1246 736 1343 765 esse
1386 725 1509 765 visus
1554 727 1633 765 est.

188 790 353 831 Nescio
393 802 452 830 an
491 788 799 833 Weckleinius
836 792 954 832 recte
993 790 1056 832 sic
1097 790 1405 844 explicaverit:
1461 791 1556 843 ,,τὴν
1588 788 1633 830 δὲ

188 855 367 907 τίσωμαι
395 853 523 910 φόνῳε
562 859 667 898 statt
705 858 783 899 des
822 857 1165 909 gewohnlichen
1196 854 1268 910 τὴν
1308 857 1353 897 δὲ
1393 858 1635 911 φονεύουσαν

187 924 411 975 μέλλουσαν
444 925 590 964 θανεῖν
617 924 725 967 oder
757 921 951 964 τίσουσαν
987 920 1110 978 φόνον
1151 925 1267 978 (‚,die
1293 925 1533 978 ΜόΓᾶθΥἰΠ,
1562 926 1633 968 die

188 994 280 1035 den
298 993 434 1034 Mord
461 993 543 1033 mit
570 993 674 1033 dem
689 993 780 1033 Tod
810 994 975 1037 biissen
1003 993 1131 1043 so11“)
1148 995 1242 1034 tritt
1258 995 1340 1035 mit
1357 988 1635 1045 Verlassung

188 1061 271 1101 der
288 1059 852 1112 Participialconstruction
873 1059 968 1100 und
987 1061 1118 1100 unter
1135 1059 1385 1101 Anschluss
1404 1073 1462 1101 an
1480 1053 1534 1107 ὥς
1559 1056 1634 1103 ἴδω

189 1127 274 1168 das
302 1126 722 1167 ausdrucksvollere
748 1123 820 1178 τὴν
846 1124 891 1165 δὲ
917 1123 1095 1176 τίσωμαι
1123 1126 1232 1178 φόνῳ
1260 1129 1343 1168 ein.
1397 1127 1636 1169 Naturlich

190 1194 296 1235 dari*
318 1206 426 1234 man
453 1192 625 1232 διπλοῦν
649 1192 776 1232 κακόν
801 1192 926 1235 nicht
952 1206 1057 1235 vom
1082 1193 1200 1235 Tode
1228 1193 1308 1235 der
1333 1194 1493 1236 beiden
1520 1194 1634 1236 Kin-

188 1262 273 1302 der
299 1260 538 1302 verstehen
566 1260 754 1311 (διπλοῦν
788 1257 914 1300 κακὸν
950 1254 978 1313 ἢ
1003 1257 1073 1300 τὸν
1108 1255 1291 1300 θάνατόν
1330 1274 1432 1313 φησι
1458 1268 1537 1299 τῶν
1562 1257 1633 1300 δύο

188 1326 334 1367 τέκνων
360 1322 387 1380 ἢ
416 1328 487 1379 τὴν
514 1323 696 1380 Μήδειαν
723 1327 899 1372 Schol.).
954 1328 985 1369 J
986 1340 1096 1368 ason
1123 1328 1219 1369 will
1245 1328 1316 1369 die
1337 1328 1633 1369 Gemordeten

190 1395 287 1436 und
306 1395 378 1436 die
397 1394 628 1436 Morderin
647 1394 800 1442 sehen3
822 1394 938 1448 jene,
964 1407 1044 1436 um
1070 1396 1133 1436 sie
1150 1396 1212 1435 'zu
1229 1396 1471 1447 beweinen,
1500 1395 1632 1447 diosc,

188 1476 267 1503 um
295 1463 358 1503 sie
388 1476 442 1503 zu
472 1462 638 1503 strafen
667 1462 771 1514 (vgl.
800 1475 841 1503 v.
874 1461 1033 1512 1318).“
1086 1461 1249 1503 WeiJio
1276 1458 1347 1514 τὴν
1377 1461 1421 1501 δὲ
1442 1459 1634 1502 τίσουσαν

187 1529 312 1582 φόνον
339 1530 604 1582 proponenti
621 1542 712 1570 non
728 1529 1061 1570 assentiendum
1079 1531 1155 1580 est,
1180 1530 1342 1583 quippe
1361 1530 1482 1583 quod
1497 1530 1631 1571 nimis

184 1597 319 1649 longe
348 1609 376 1638 a
403 1596 611 1639 codicum
648 1597 878 1649 scripturis
916 1597 1106 1638 recedat.
1163 1596 1454 1639 Correcturae
1483 1600 1631 1639 autem

184 1664 484 1705 Heimsoethii
511 1666 555 1705 et
577 1663 873 1705 Herwerdeni
898 1664 968 1715 τὴν
994 1662 1039 1702 δὲ
1064 1671 1253 1703 πινῶσαν
1280 1663 1394 1716 φόνῳ
1421 1666 1465 1705 et
1489 1660 1561 1717 τὴν
1587 1662 1630 1703 δὲ

184 1732 396 1771 λυσσῶσαν
425 1727 537 1783 φόνῳ
565 1732 700 1772 etiam
726 1731 875 1771 minus
901 1730 1084 1772 tolerari
1109 1733 1305 1783 possunt.

289 1799 512 1840 Futurum
549 1794 717 1847 τίσομαι
744 1810 848 1839 cum
886 1798 1167 1839 coniunctivo
1205 1794 1279 1836 ἴδω
1317 1799 1364 1840 111
1402 1799 1627 1839 enuntiato

184 1867 315 1908 finali
343 1865 709 1918 conjungendum
734 1877 825 1906 non
852 1867 928 1906 est.

288 1933 520 1976 Particula
546 1926 600 1980 ὡς
627 1933 713 1975 1100
739 1933 838 1989 1000
865 1946 956 1975 11011
978 1935 1044 1975 est
1071 1934 1202 1987 plane
1225 1934 1385 2020 finalis,
1413 1934 1492 1976 sed
1519 1947 1627 1987 quo-

184 2003 291 2043 dam
316 2002 453 2043 modo
481 2001 775 2042 consecutiva.

287 2073 441 2116 Etiam
477 2073 754 2116 manifestior
790 2075 856 2115 est
903 2074 970 2116 vis
1017 2074 1300 2116 consecutiva
1335 2075 1383 2116 in
1419 2074 1518 2117 Hel.
1548 2077 1623 2116 997

179 2135 286 2181 οῧτω
314 2139 359 2180 δὲ
386 2142 530 2192 κρῖνον,
559 2134 613 2187 ὥς
641 2134 800 2179 ἅπασιν
827 2134 1009 2192 ἁνδάνῃς.

286 2219 471 2261 Talibus
498 2218 610 2261 locis
638 2218 695 2261 ab
721 2230 808 2260 usu
834 2218 1022 2261 relativo
1051 2218 1110 2260 ad
1136 2218 1316 2276 finalem
1343 2220 1566 2275 transitur.

289 2307 424 2361 Hipp.
456 2310 532 2348 565
565 2309 682 2345 ΦΛΙ.
709 2299 908 2358 σιγήσατ’,
936 2297 970 2344 ὦ
996 2307 1194 2358 γυναῖκες·
1209 2302 1521 2359 Γε’ξιίργοῖσμεθα.

450 2377 529 2418 568
555 2376 640 2416 XO.
670 2374 788 2427 σιγῶ·
816 2370 864 2414 τὸ
888 2371 1026 2425 μέντοι
1055 2371 1245 2427 φροίμιον
1269 2371 1393 2416 κακὸν
1418 2371 1519 2416 τόδε.

448 2445 524 2483 567
557 2445 674 2480 ΦΑΙ.
703 2434 898 2504 ἐπίσχετ’
927 2438 1051 2490 αὐδὴν
1076 2442 1156 2479 τῶν
1181 2438 1336 2481 ἔσωθεν
1360 2435 1544 2491 ἐκμάθω.

448 2511 524 2552 566
553 2509 638 2551 ΧΟ.
666 2506 708 2549 τί
734 2501 772 2549 δ’
801 2506 899 2559 ἔστι,
932 2501 1108 2560 Φαίδρά,
1136 2506 1300 2550 δεινὸν’
1280 2524 1323 2557 εν
1339 2502 1501 2560 δόμοισι
1520 2512 1625 2560 0039,-
