1815 3047
781 126 1041 165 ..52-

377 237 446 287 ακ)
474 237 697 289 Apodosis
726 237 938 277 orationis
967 236 1174 289 obliquae
1201 238 1277 277 est.

466 303 764 357 Imperativus
791 303 1029 356 praecedit.

241 382 357 423 Med.
387 384 463 422 749
517 375 647 432 (ὄμνυ)
674 374 769 433 μήτ’
801 374 921 428 αἰτὸς
946 379 991 420 ἐκ
1017 382 1088 432 γῆς
1113 381 1185 433 σῆς
1211 374 1274 430 ἔμ’
1305 379 1488 431 ἐκβαλεῖν
1515 395 1627 425 ποτε,

517 440 612 498 μήτ’
643 441 766 494 ἄλλος
791 441 839 500 ἢν
864 462 927 493 τις
951 448 1031 486 τῶν
1056 445 1161 497 ἐμῶν
1186 445 1341 499 ἐχθρῶν
1368 440 1478 499 ἶίγειν

514 511 647 567 χρῄζῃ,
674 511 870 567 μεθήσειν
896 514 974 562 ζῶν
1001 511 1168 566 ἑκουσίῳ
1194 510 1348 566 τρόπῳ.

300 593 451 634 Verba
476 593 587 634 iuris
614 593 793 634 iurandi
819 592 929 634 haec
956 593 1136 634 fuerunt
1164 587 1332 644 μεθήσω
1359 591 1443 631 κτλ.

379 670 480 721 aar.)
508 670 714 711 Aoristus
742 669 977 722 praecedit.

243 747 395 803 Suppl.
423 749 500 787 498
1065 740 1219 795 ὤμοσεν
1244 742 1365 785 πόλιν

526 811 692 864 πέρσειν
719 814 819 852 θεοῦ
845 811 1036 860 θέλοντος
1061 806 1110 865 ἢν
1134 827 1177 853 τε
1202 809 1258 866 μὴ
1285 810 1400 866 θέλῃ.

295 892 395 929 θεοῦ
420 889 611 936 θέλοντος
637 910 690 923 =
716 885 764 943 ’ἥν
790 905 833 930 τε
870 888 968 938 θεὸς
1005 889 1121 944 θέλῃ.
1176 891 1451 934 Sacramenti
1495 892 1633 933 verba

189 959 300 1001 haec
328 959 522 1000 fuerunt:
563 956 700 1011 πέρσω
728 959 809 1000 κτλ.
867 959 989 1002 Coni.
1018 961 1269 1013 usurpatur,
1308 961 1358 1001 ut
1393 959 1532 1002 verba
1567 959 1631 1001 lo-

190 1028 364 1079 quentis
392 1028 675 1067 retineantur.
733 1026 822 1068 Sed
862 1028 1082 1078 optativus
1110 1029 1210 1079 post
1236 1029 1437 1079 tempora
1462 1030 1632 1079 praete-

190 1095 276 1135 rita
302 1094 506 1135 usitatior
533 1093 647 1144 est.¹)

319 1171 365 1222 b)
395 1172 518 1212 Coni.
547 1171 701 1212 aoristi
728 1171 919 1221 exstatfl)

399 1237 443 1288 α)
469 1238 692 1278 Futurum
718 1239 765 1278 in
793 1250 861 1290 ap.
891 1239 1131 1278 invenitur:

248 1315 411 1357 Bacch.
443 1317 517 1355 817
574 1307 665 1353 ἀλλ’
695 1310 980 1363 ἐξιχνεύσουσίν
1006 1327 1060 1363 σε,
1088 1308 1164 1353 κᾶν
1190 1311 1314 1367 ἔλθῃς
1340 1310 1489 1367 λάθρᾳ.

294 1393 516 1434 Pentheus
544 1394 592 1433 in
619 1394 769 1433 animo
797 1393 932 1434 habet
956 1394 1004 1433 in
1031 1395 1227 1434 montem
1253 1394 1330 1443 ire,
1358 1395 1408 1433 ut
1429 1393 1630 1434 Bacchas

189 1462 404 1511 observet,
434 1461 645 1513 quocirca
671 1456 807 1513 ἔλθῃς,
846 1460 968 1513 quod
993 1460 1233 1501 Piersonus
1271 1472 1352 1513 pro
1379 1457 1510 1512 θέλῃς·
1529 1473 1630 1513 pro-

187 1530 345 1580 posuit,
391 1531 509 1568 recte
555 1528 703 1568 locum
750 1528 891 1568 habet.
962 1527 1191 1579 Scriptura
1236 1528 1400 1568 codicis
1443 1528 1631 1579 intelligi

189 1595 352 1648 nequit.

241 1662 338 1703 Hel.
374 1664 471 1702 1291
527 1655 576 1713 ἢν
602 1654 642 1700 δ’
669 1654 833 1700 Ἑλλάδ’
865 1658 976 1700 ἔλθω
1003 1659 1074 1699 καὶ
1100 1657 1203 1709 τύχω
1230 1658 1439 1713 σωτηρίας,

527 1724 675 1768 παύσω
704 1724 834 1780 ψόγου
862 1742 907 1768 σε
932 1728 1003 1767 τοῦ
1029 1725 1137 1779 πρίν,
1166 1722 1213 1781 ἢν
1240 1725 1333 1780 γυνὴ
1360 1726 1439 1779 γένχ

524 1795 615 1835 οἵαν
641 1794 829 1847 γενέσθαι
856 1791 930 1848 χρή
957 1808 1002 1835 σε
1028 1795 1087 1847 σῷ
1113 1793 1325 1848 ξυνευνέτῃ.

294 1874 381 1915 Hic
424 1875 549 1915 locus
595 1875 758 1926 dignus
798 1875 874 1927 qui
911 1876 1086 1914 notetur
1123 1876 1200 1923 est,
1237 1874 1398 1926 quippe
1437 1886 1539 1914 cum
1576 1886 1630 1913 ex

191 1942 327 1982 verbo
355 1937 504 1979 παύσω
532 1941 647 1982 duae
680 1941 1004 1982 enuntiationes
1041 1940 1367 1982 condicionales
1399 1940 1629 1993 pendeant,

192 2009 332 2051 altera
358 2009 668 2061 praepositiva,
689 2008 829 2049 altera
847 2008 1146 2061 postpositiva,
1167 2020 1357 2061 quarum
1375 2009 1496 2061 prior
1513 2008 1631 2049 idem

190 2076 310 2117 valet
337 2076 457 2128 quod
484 2088 549 2117 en.
579 2076 837 2128 temporalis
864 2094 917 2108 =
944 2069 1040 2114 ὅταν
1066 2075 1149 2114 κτλ.

243 2153 283 2194 J.
314 2153 367 2193 A.
399 2156 475 2194 515
530 2149 612 2201 οὐκ,
641 2147 688 2205 ἥν
716 2167 777 2192 νιν
804 2150 862 2199 εἷς
879 2146 1028 2205 ’Ἀργος
1054 2145 1092 2204 γ’
1123 2146 1367 2205 ἀποστείλῃς
1393 2148 1529 2193 πάλιν.

295 2230 404 2272 Post
431 2223 502 2269 οὐκ
529 2231 669 2272 verba
696 2224 913 2281 ἀναγκάσει
942 2243 987 2269 σε
1012 2227 1083 2283 τὴν
1109 2228 1183 2283 σὴν
1208 2232 1365 2270 κτανεῖν
1393 2244 1447 2272 ex
1485 2244 1525 2272 v.
1555 2233 1631 2271 513

192 2298 500 2339 subaudienda
540 2300 652 2338 sunt.
708 2292 756 2350 ήν
782 2312 842 2336 νιν
878 2299 925 2339 in
962 2298 1088 2339 codd.
1118 2299 1337 2340 ambobus
1373 2298 1547 2352 legitur,
1584 2294 1630 2338 in

192 2364 395 2406 Palatino
423 2368 499 2407 287
540 2379 644 2407 vero
682 2379 739 2406 m.
776 2379 860 2407 sec.
890 2363 924 2404 εὶ
966 2367 1151 2418 scripsit.
1207 2366 1356 2407 Etiam
1392 2366 1439 2407 in
1476 2365 1631 2407 eodem

300 2481 323 2518 ¹)
346 2479 392 2513 cf.
415 2480 536 2522 Krueg.
557 2481 580 2513 1.
601 2481 623 2513 l.
647 2481 696 2518 65,
719 2481 770 2521 21,
791 2481 822 2513 4.

298 2534 325 2573 2)
348 2533 442 2566 Aetio
464 2534 556 2566 verbi
578 2533 612 2566 in
634 2533 758 2576 protasi
780 2531 919 2566 exhibiti
941 2533 1098 2566 actionem
1119 2533 1293 2575 apodoseos
1314 2531 1486 2575 praecedit.
