1815 3068
781 163 1040 202 -17-

194 266 456 329 κατάρξωμαι
481 276 602 328 legit,
630 287 766 329 quam
787 275 1021 317 lectionem
1048 275 1143 316 cod.
1166 275 1206 314 B
1228 275 1422 328 praebet,
1449 286 1553 315 cum
1578 275 1626 315 in

197 338 576 395 ωὶὶενατάρξομαι
601 342 788 396 legatur.

296 432 407 474 Tam
431 432 565 486 pauci
589 432 679 475 loci
704 408 942 485 Euripidei‘
960 425 1075 482 sunt,
1111 431 1190 473 ubi
1215 432 1344 473 metri
1369 443 1507 473 causa
1533 443 1626 472 am-

195 500 289 552 big-i
333 501 477 553 potest
521 499 777 548 futurumne
821 510 880 539 an
925 499 1035 539 coni.
1072 500 1253 548 exstet?
1273 502 1324 538 ut
1367 494 1626 549 κατάρξωμαι

196 565 480 609 scribendum
505 578 601 609 esse
627 565 893 608 concludere
917 565 1151 618 possimus.

297 653 429 706 Nam,
455 656 507 695 ut
532 653 734 707 exemplo
760 655 874 704 utar,
900 653 948 693 in
974 652 1074 693 Alc.
1103 654 1181 692 720

473 737 662 793 μνήστευε
687 739 853 788 πολλάς,
879 734 934 786 ὦς
959 736 1120 779 θάνωσι
1146 737 1339 791 πλείονες,

194 828 340 871 forma
366 832 432 872 est
458 830 738 872 coniunctivi.

300 929 350 969 E.
377 931 428 969 54
480 918 515 966 ’ὦ
542 924 611 974 νὺξ
634 925 817 977 μέλαινα,
842 925 1015 978 χρυσέων
1042 921 1198 978 ἷίστρων
1223 925 1356 979 τροφέ,

476 992 518 1034 ἐν
543 986 570 1048 ᾗ
595 987 683 1034 τόδ’
713 988 832 1046 ἷίγγος
856 986 954 1046 τῷδ’
982 990 1192 1047 ἐφεδρεῦον
1217 989 1323 1046 κάρᾳ

477 1059 654 1113 φέρουσα
680 1057 816 1113 πηγὰς
841 1057 1050 1110 ποταμίας
1073 1058 1311 1111 μετέρχομαι

481 1121 527 1167 οὗ
553 1128 602 1181 δή
628 1142 671 1167 τι
694 1124 831 1179 χρείας
856 1124 914 1175 εἷς
940 1121 1097 1168 τοσόνδ’
1127 1120 1337 1181 ἆφιγμένη,

477 1188 567 1236 ἀλλ’
597 1189 651 1243 ὥς
676 1189 790 1247 ὕβριν
815 1192 1004 1245 δείξωμεν
1023 1192 1239 1247 Αἰγίσθου
1265 1196 1382 1242 θεοῖς

476 1258 590 1313 γόους
614 1256 653 1301 τ’
685 1256 830 1315 ἇφείην
856 1255 994 1313 αἰθέρ’
1025 1259 1084 1308 εἰς
1108 1260 1234 1313 μέγαν
1258 1259 1396 1312 πατρί.

301 1362 535 1414 Adolphus
561 1361 867 1403 Kirchhoffius
893 1362 976 1402 hos
1003 1361 1182 1402 seclusit
1207 1363 1296 1401 tres
1323 1372 1478 1401 versus

445 1439 490 1487 οὐ
516 1445 607 1501 δήτι
631 1446 767 1499 χρείας
793 1446 851 1495 εἰς
875 1441 1031 1487 τοσόνδ’
1063 1442 1273 1500 ἀφιγμένη,

445 1509 528 1554 ἀλλ’
560 1508 614 1563 ὡς
639 1509 753 1567 ῧβριν
780 1512 968 1566 δείξωμεν
998 1511 1211 1567 Αἰγίσθου
1238 1516 1354 1561 θεοῖς

447 1579 561 1634 γόους
586 1576 628 1622 τ’
658 1576 803 1635 ἇφείην
829 1576 969 1633 αἰθέρ’
999 1580 1057 1629 εἰς
1081 1581 1206 1633 μέγαν
1232 1579 1371 1633 πατρί.

196 1674 321 1733 ἆφίην
340 1682 395 1730 (v.
416 1681 486 1731 59)
513 1682 560 1722 in
579 1681 674 1722 cod.
702 1681 875 1732 legitur,
902 1693 984 1733 pro
1003 1693 1102 1733 quo,
1127 1680 1308 1722 Reiskio
1326 1680 1629 1733 praecedente,

196 1747 428 1790 Nauckius
440 1749 483 1789 et
492 1746 823 1789 Wilamovitius
835 1740 978 1799 ἀφίημ’
993 1748 1274 1800 scripserunt,
1288 1760 1390 1789 cum
1395 1747 1628 1789 Nauckius

196 1828 267 1857 vv.
297 1817 345 1856 57
370 1827 433 1869 sq.
474 1815 638 1866 deleat,
683 1815 760 1857 alii
800 1815 899 1857 loco
937 1812 1221 1866 παρενθέσεως
1256 1815 1435 1856 eosdem
1472 1827 1629 1857 versus

197 1884 439 1935 segregent.
479 1882 774 1924 Seidlerusad
790 1882 909 1923 hunc
920 1882 1069 1923 locum
1079 1881 1192 1923 haec
1205 1883 1402 1935 scripsit:
1431 1881 1629 1935 „Vereor

197 1952 247 1992 ut
273 1951 418 2004 aptius
443 1950 517 1991 hic
541 1951 599 1991 sit
622 1949 933 2003 parentheseos
951 1948 1112 1991 locus.“
1168 1949 1386 1991 Heathius
1414 1950 1492 2004 qui
1518 1943 1630 2003 ἇφίω

197 2011 230 2069 γ’
261 2018 460 2068 correxit,
498 2019 541 2058 et
573 2016 849 2068 Schaeferus‚
888 2017 965 2070 qui
997 2009 1160 2069 ἀφῶμεν
1197 2017 1348 2068 edidit,
1385 2017 1504 2059 idem
1531 2029 1631 2059 sen-

198 2087 307 2126 sisse
346 2085 562 2126 videntur.
618 2085 662 2125 A
687 2083 992 2126 Wilamovitio
1018 2085 1418 2137 interpunctionem
1444 2097 1627 2136 gravem

197 2153 297 2206 post
324 2144 520 2205 ἀφιγμένη
547 2153 735 2206 ponente
763 2154 806 2193 et
832 2143 981 2204 ἀφίημ’
1013 2151 1231 2194 scribente
1259 2151 1481 2203 dissentio,
1510 2152 1626 2205 quia,

198 2222 249 2261 ut
274 2219 503 2261 Johannes
523 2219 800 2269 >Vah1enus¹)
827 2220 1010 2270 monuit,
1039 2214 1191 2271 ἀφίημι
1216 2220 1459 2272 praesentis
1485 2219 1630 2260 forma

199 2286 349 2328 sensui
373 2285 593 2340 loquentis
620 2298 710 2327 non
735 2288 873 2340 paret.
926 2285 1047 2327 Nam
1083 2288 1183 2340 post
1219 2285 1488 2339 colloquium
1525 2298 1628 2327 cum

198 2354 358 2405 marito
375 2352 579 2396 habitum
597 2354 684 2405 (vv.
698 2355 881 2406 64—81),
907 2356 1143 2407 postquam
1167 2354 1222 2395 ab
1251 2353 1457 2406 aquando
1485 2353 1629 2403 rediit,

202 2418 403 2474 μονῳδίαν
430 2422 548 2462 canit
574 2434 629 2463 ex
667 2421 842 2476 duabus
867 2422 1067 2475 partibus
1096 2422 1380 2472 constantem,
1409 2433 1511 2461 cum
1536 2422 1631 2474 pri-

310 2579 333 2619 ¹)
353 2578 392 2611 In
412 2577 517 2612 indice
539 2578 709 2611 lectionum
731 2588 759 2611 a·
781 2576 1114 2615 MDCCCLXXXVII,
1137 2587 1167 2620 p.
1189 2577 1218 2609 5.

1425 2633 1442 2660 2
