1815 3068
295 246 426 300 Hipp.
459 249 559 288 1052
610 249 691 285 ΙΠ.
966 241 1068 287 ἄλλά
1094 241 1134 298 μ’
1163 246 1297 301 ἐξελᾴς
1320 244 1487 298 χθονός;

595 315 694 355 ΘΗ.
721 312 849 365 πέραν
871 329 913 367 γε
931 313 1078 355 πόντου
1095 314 1167 355 καὶ
1183 311 1325 356 τόπων
1340 309 1621 365 Ἀτλαντικῶν,

721 378 764 422 εἶ’
785 396 874 429 πως
899 380 1108 435 δυναίμην.

296 441 452 494 σ’ἐξελῶ
478 461 533 489 ex
559 462 599 489 v.
631 451 733 490 1052
761 449 1060 503 supplendum
1087 452 1161 491 est.
1217 450 1280 491 Cf.
1309 451 1419 502 frag.
1452 454 1536 491 176.

378 528 445 576 οε)
482 526 535 568 In
562 529 672 580 prot.
701 528 812 568 coni.
842 540 932 568 aor.
960 528 1211 569 invenitur

293 593 438 646 Frag..
461 596 534 635 126
572 586 604 631 ὦ
637 586 826 645 παρθέν’,
864 590 900 633 εἰ
938 589 1118 645 σφ’σαιμί
1155 587 1208 642 α’,
1249 590 1347 633 εἴσει
1384 607 1455 643 μοι
1489 591 1618 646 χάριν;

189 658 288 700 Uno
305 660 416 711 loco,
444 661 522 701 ubi
548 654 594 699 οὗ
619 656 676 712 μή
703 674 738 702 c.
768 662 878 702 coni.
906 661 1143 714 praecedj‘n,
1169 661 1369 702 futurum
1396 662 1617 714 suppleas:

240 736 296 777 H.
323 737 351 778 f.
382 740 457 778 719
511 731 594 786 οὐκ,
620 734 662 777 εἶ’
682 752 724 790 γε
748 734 805 790 μή
830 753 893 785 τις
919 739 1027 778 θεῶν
1053 733 1290 791 ἀναστήσειέ
1315 753 1385 778 νιν.

291 813 346 854 Η.
376 826 411 853 e.
452 807 498 852 οὗ
523 814 707 863 μολεῖται
730 808 938 866 “Ηρακλῆς.
992 816 1178 856 Accedit
1203 816 1334 868 Hipp.
1368 820 1469 856 1250

375 921 542 929 .....
571 885 617 930 οὐ
645 887 867 943 δυνήσομαί
892 906 993 931 ποτε

373 953 440 995 τὸν
467 954 538 996 σὸν
563 955 785 998 πυθέσθαι
811 952 935 1010 παῖδ’
964 953 1077 1006 ὅπως
1102 957 1210 998 ἐστὶν
1235 955 1367 1006 κακός,

374 1018 457 1063 οὔδ’
486 1022 523 1064 εἰ
549 1026 744 1076 γυναικῶν
769 1026 856 1065 πᾶν
881 1024 1129 1078 κρεμασθείη
1156 1030 1265 1078 γένος

372 1090 443 1130 καὶ
468 1089 540 1144 τὴν
566 1094 607 1131 ἐν
623 1087 706 1145 Ἴδῃ
734 1089 975 1144 γραμμάτων
1001 1089 1169 1145 πλήσειέ
1197 1108 1258 1140 τις

371 1172 534 1209 πεικην.

372 1225 481 1274 εειζ)
519 1226 574 1267 In
599 1228 708 1279 prot.
739 1227 849 1267 coni.
879 1239 1037 1279 praes.⁷
1071 1228 1116 1267 in
1150 1239 1217 1279 ap.
1252 1227 1340 1267 ind.
1374 1239 1515 1279 praes.
1544 1228 1611 1267 in-

522 1294 706 1334 venitur.

235 1368 340 1411 Hec.
371 1371 446 1410 785
498 1372 594 1409 ΛΓ.
622 1369 698 1422 φεῦ
724 1370 818 1422 φεῦ·
846 1366 908 1416 τίς
935 1364 1036 1409 οὕτω
1063 1366 1251 1422 δυστυχὴς
1277 1367 1351 1423 ἔφυ
1379 1366 1493 1422 ymni,-

511 1438 593 1475 ΕΚ.
623 1430 693 1476 οὒκ
720 1434 837 1484 ἔστιν,
866 1434 902 1475 εἰ
927 1434 983 1489 μὴ
1009 1434 1080 1488 τὴν
1106 1433 1221 1488 τύχην
1247 1430 1369 1489 αὐτὴν
1395 1437 1537 1487 λέγοις.
1550 1438 1579 1487 1)

287 1513 427 1555 Varia
452 1514 581 1556 lectio
609 1516 675 1556 est
700 1511 837 1565 λέγεις.

372 1613 431 1653 οη
459 1603 502 1642 et
529 1614 584 1642 cc
595 1600 637 1653 η)
674 1601 727 1642 In
755 1603 864 1653 prot.
895 1601 1005 1642 coni.
1035 1613 1123 1641 aor.
1152 1602 1384 1641 invenitur.

235 1666 340 1709 Hec.
370 1670 446 1709 852
499 1668 570 1706 καὶ
594 1663 793 1718 βούλομαι
820 1668 928 1706 θεῶν
954 1660 1130 1706 θὀῧνεκ’
1161 1660 1322 1706 ἀνόσιον
1347 1666 1456 1714 ξένον

500 1732 568 1773 καὶ
594 1735 665 1773 τοῦ
692 1732 851 1773 δικαίου
877 1730 991 1786 τήνδε
1018 1747 1082 1773 σοι
1110 1734 1248 1773 δοῦναι
1275 1731 1403 1786 δίκην,

498 1797 540 1840 εἴ
551 1815 641 1848 πως
661 1798 806 1854 φανείη
825 1795 857 1852 γ’
884 1794 985 1840 ὥστε
1003 1798 1069 1840 σοί
1095 1795 1132 1840 τ’
1162 1797 1261 1850 ἔχειν
1278 1800 1419 1850 καλῶς,

502 1868 659 1921 στρατῷ
684 1882 727 1907 τε
751 1865 807 1921 μὴ
834 1864 997 1918 δόξαιμι
1023 1864 1265 1919 Κασάνδρας
1288 1864 1403 1919 χάριν

504 1930 660 1988 Θρῄκης
688 1929 832 1974 ἶίνακτι
858 1931 969 1975 τόνδε
994 1935 1203 1985 βουλεῦσαι
1231 1932 1363 1987 φόνον.

369 2002 454 2053 (ιθ)
492 1999 626 2052 ἔμελλε
651 1997 796 2055 θήσειν
821 2003 869 2043 in
896 2014 963 2056 ap.
991 2002 1225 2043 invenitur.

284 2081 324 2121 J.
353 2080 406 2121 A.
440 2083 538 2122 1403
588 2073 882 2132 Ἀγαμέμνονος
907 2082 1000 2128 παῖ,
1027 2074 1224 2131 μακάριόν
1249 2076 1301 2129 μέ
1326 2093 1389 2126 τις
1415 2079 1522 2118 θεῶν

587 2144 722 2197 ἔμελλε
748 2146 902 2199 θήσειν,
931 2144 966 2185 εἰ
992 2143 1150 2196 τύχοιμι
1177 2147 1257 2185 σῶν
1282 2142 1429 2197 γάμων.

285 2218 415 2268 Quod
438 2220 636 2262 Achilles
664 2220 772 2262 dicit
799 2215 835 2259 εἰ
860 2215 1029 2269 τύχοιμι,
1055 2232 1146 2260 non
1172 2215 1208 2258 εἶ
1235 2215 1378 2267 ἔτυχον,
1407 2231 1452 2259 se
1479 2230 1507 2258 a
1532 2230 1608 2271 spe

182 2286 373 2328 ducendi
398 2287 523 2328 illam
560 2288 605 2328 in
633 2287 965 2333 matrimonium
1001 2287 1200 2327 nondum
1228 2286 1445 2327 destitisse
1473 2286 1608 2337 signi-

180 2354 294 2396 fleat.

267 2486 290 2525 ¹)
312 2484 406 2524 Quod
427 2484 599 2527 Iphigenia
618 2484 735 2527 Pyladi
757 2485 837 2518 dicit
858 2484 945 2527 (Jph.
966 2484 1001 2518 Τ.
1024 2485 1097 2524 750)
1130 2483 1162 2517 εἰ
1181 2481 1210 2516 δ’
1238 2480 1391 2516 ἐκλιπών
1412 2480 1476 2516 τὸν
1497 2477 1609 2525 ὅρκον

180 2536 339 2579 αδικοίης
360 2534 440 2578 ἐμὲ.-
460 2537 557 2569 verba
579 2537 612 2570 τί
633 2547 690 2569 σοι
713 2539 851 2583 καταρᾷ
873 2536 924 2569 vel
946 2536 1062 2569 similia
1084 2535 1312 2568 subaudienda.

1403 2587 1422 2619 5
