1815 3047
784 115 1045 153 -12-

297 225 396 267 Hel.
428 228 528 266 1202
572 222 642 272 τίς
666 221 774 274 ἓστίς
811 226 894 266 ποῦ
920 219 1041 274 'oum-
1079 226 1145 265 ἵνα
1173 224 1417 278 σαφέστερον
1440 223 1613 277 mistav)

297 292 647 345 Theoclymenus
667 292 793 335 dicit:
822 293 942 346 Rogo,
968 298 1014 334 ut
1031 294 1200 344 planius
1226 295 1382 336 discam.

347 369 387 419 ζ)
414 369 692 411 Indicativus
718 382 860 423 praes
888 370 962 411 vel
986 369 1064 411 fut.
1093 369 1160 407 ἵνα
1186 366 1243 422 μή
1268 371 1540 423 praecedit.

294 436 405 478 Loci
430 439 535 478 sunt
560 439 667 479 tres:
711 437 813 479 Jon.
842 438 929 477 950.
962 438 1074 487 1381,
1101 436 1170 478 Tr.
1203 439 1315 479 1177.

381 536 422 586 2)
451 534 559 576 Post
585 538 786 588 tempora
811 534 1089 576 secundaria.

294 614 347 655 In
365 614 528 655 Bacch.
541 617 618 655 475
647 613 757 654 deus
775 612 971 655 Pentheo
989 614 1167 666 roganti
1190 626 1421 655 sacrorum
1447 626 1630 657 suorum

188 682 403 733 mysteria
428 681 627 722 revelare
655 682 951 722 recusaverat.
995 679 1084 722 Hic
1110 680 1174 721 ita
1190 680 1428 735 respondet
1452 671 1496 720 εὖ
1522 674 1627 721 τοῦτ’

187 744 481 800 ἐκιβδήλευσας,
512 741 560 786 ἵν’
593 742 765 787 ἀκοῦσαι
794 746 918 787 θέλω.
952 748 1130 799 „Callida
1161 750 1397 799 respondisti
1422 753 1468 789 ut
1493 750 1632 790 audire

188 814 382 865 cupiam.“
435 814 535 856 Hoc
563 815 662 857 loco
693 815 884 856 aoristus
903 814 963 856 ad
982 826 1162 856 sensum
1178 817 1352 869 tempus
1371 816 1633 869 primarium

189 885 273 924 est:
313 895 421 924 nam
448 882 685 924 consilium
714 884 781 924 est
810 883 858 923 in
889 882 1151 935 praesentia.
1207 881 1352 931 Quam
1388 884 1631 936 praesentis

191 951 458 992 sententiam
484 949 733 992 Fritschius
760 952 878 991 recte
903 950 1111 1004 percepit,
1140 962 1243 991 cum
1272 953 1459 992 verteret

299 1017 490 1069 „Schlau
518 1017 806 1059 hinzuhalten
833 1018 984 1059 weisst
1021 1017 1093 1067 du,
1132 1030 1204 1058 wo
1242 1017 1316 1059 ich
1340 1017 1482 1060 heren
1509 1019 1628 1069 soll‚“

189 1092 464 1138 quamquam
490 1084 711 1137 particula
735 1085 882 1137 potius
909 1084 1056 1125 finalis
1084 1096 1222 1137 quam
1246 1084 1403 1126 localis
1421 1087 1497 1126 est.
1543 1085 1633 1128 Ubi

189 1165 217 1192 a
245 1152 443 1203 consilio,
477 1151 598 1204 quod
624 1154 823 1204 tempore
859 1152 1096 1204 praeterito
1124 1153 1304 1204 captum
1331 1155 1407 1202 est,
1438 1155 1527 1193 non
1556 1153 1631 1194 de-

192 1220 361 1261 sistitur
386 1220 434 1260 in
460 1219 694 1272 praesenti,
730 1218 1037 1259 coniunctivus
1064 1219 1111 1259 in
1137 1219 1338 1260 membro
1367 1219 1629 1261 secundario

190 1287 343 1328 locum
368 1286 513 1327 habet.

293 1363 458 1405 Bacch.
486 1366 562 1405 807
591 1360 814 1410 ξυνέθεσθε
839 1362 954 1415 κοινῇ
979 1355 1087 1412 τάδ’,
1115 1362 1183 1401 ἵνα
1209 1356 1414 1416 βακχεύητ’
1445 1356 1523 1403 ἆεί.

290 1432 560 1473 Etiamnunc
587 1430 674 1472 hoc
699 1430 845 1472 facere
872 1431 920 1471 in
947 1431 1096 1471 animo
1123 1430 1308 1472 habetis.

290 1509 397 1551 Hec.
426 1512 476 1550 ‘26
517 1539 850 1550 ......
905 1505 977 1547 καὶ
1003 1504 1157 1547 κτανών
1183 1506 1224 1555 ἐς
1250 1502 1354 1558 οἶδμ’
1385 1501 1481 1555 ἁλὸς

515 1568 671 1627 μεθῆχ’,
700 1568 748 1614 ἵν’
782 1568 902 1622 αὐτὸς
925 1571 1069 1626 χρυσὸν
1095 1573 1136 1614 ἕν
1163 1570 1302 1625 δόμοις
1329 1572 1408 1627 ἒῇιῃ.

292 1670 583 1722 Polymestor,
612 1670 690 1722 qui
726 1672 776 1709 ut
812 1682 973 1710 aurum
1011 1670 1097 1710 sibi
1124 1670 1411 1710 commissum
1436 1682 1517 1722 pro
1545 1682 1626 1711 suo

187 1736 353 1778 habeat
378 1736 523 1778 filium
540 1735 710 1777 Priami
740 1735 910 1784 cecidit,
938 1736 995 1777 ab
1015 1736 1204 1777 avaritia
1221 1735 1421 1777 nondum
1449 1736 1624 1778 destitit.

291 1825 357 1865 El.
388 1827 436 1864 95
1067 1816 1272 1876 ἀφικόμην

475 1886 578 1942 πρὸς
605 1888 798 1942 τέρμονας
824 1889 895 1943 γῆς
920 1882 1044 1943 τῆσδ’,
1073 1883 1121 1928 ἲν
1150 1886 1307 1941 ἐκβάλω
1334 1888 1436 1930 ποδὶ

475 1952 598 2012 ἄλλην
625 1950 690 1998 ἐπ
721 1951 818 2015 αἶαν
842 1956 925 1997 κτλ.

288 2048 466 2089 Orestes
493 2048 639 2089 vereri
665 2047 867 2088 nondum
895 2046 1035 2098 desiit,
1062 2060 1118 2088 ne
1146 2050 1427 2099 agnoscatur.

288 2115 389 2156 Uno
415 2115 514 2157 loco
543 2115 610 2153 ἵνα
637 2114 692 2167 μή
718 2115 954 2156 invenitur.

288 2203 398 2245 Hec.
427 2206 476 2244 58
1104 2200 1145 2249 ἐς
1163 2196 1284 2241 Ἴλιον

511 2262 583 2309 οἰκ
609 2261 750 2322 ἦλθον,
780 2269 846 2309 ἵνα
873 2269 927 2321 μὴ
955 2262 1080 2320 λέκτρ’
1110 2262 1358 2320 ὑποστρώσω
1387 2265 1480 2309 τινί.

287 2348 373 2390 Dei
399 2349 447 2390 in
474 2349 692 2391 sententia
718 2350 927 2402 perstant.

288 2474 310 2512 ¹)
347 2474 452 2507 Ceteri
473 2474 535 2507 loci
556 2473 592 2506 hi
613 2476 705 2507 sunt:
727 2473 806 2506 Hec-
830 2473 921 2514 1243,
947 2473 1046 2506 Herc.
1066 2472 1088 2506 f.
1111 2473 1183 2513 561,
1204 2473 1235 2507 J.
1257 2472 1296 2507 A.
1321 2473 1412 2513 1148,
1433 2472 1464 2505 J.
1479 2470 1517 2506 T.
1546 2473 1617 2513 779,

178 2525 250 2558 Jon.
274 2525 345 2566 804,
368 2525 453 2567 Cycl.
476 2526 547 2564 676,
570 2524 626 2559 Or.
651 2525 742 2566 1400,
764 2525 817 2558 Tr.
842 2524 934 2558 1029.
958 2524 1050 2558 1177.
1074 2525 1164 2558 1265.
