<?xml version="1.0" encoding="UTF-8"?>
<!DOCTYPE html PUBLIC "-//W3C//DTD XHTML 1.0 Transitional//EN"
    "http://www.w3.org/TR/xhtml1/DTD/xhtml1-transitional.dtd">
<html xmlns="http://www.w3.org/1999/xhtml" xml:lang="en" lang="en">
 <head>
  <title>
</title>
<meta http-equiv="Content-Type" content="text/html;charset=utf-8" />
  <meta name='ocr-system' content='tesseract 3.04.00' />
  <meta name='ocr-capabilities' content='ocr_page ocr_carea ocr_par ocr_line ocrx_word'/>
</head>
<body>
  <div class='ocr_page' id='page_1' title='image "./4771409_0036.png"; bbox 0 0 1815 3047; ppageno 0'>
   <div class='ocr_carea' id='block_1_1' title="bbox 176 105 1624 682">
    <p class='ocr_par' dir='ltr' id='par_1_1' title="bbox 176 105 1624 682">
     <span class='ocr_line' id='line_1_1' title="bbox 771 105 1029 145; baseline 0.008 -14"><span class='ocrx_word' id='word_1_1' title='bbox 771 125 821 131; x_wconf 83' lang='lat'>..</span> <span class='ocrx_word' id='word_1_2' title='bbox 875 105 926 145; x_wconf 77' lang='lat'>26</span> <span class='ocrx_word' id='word_1_3' title='bbox 981 123 1029 133; x_wconf 85' lang='lat'>-..</span> 
     </span>
     <span class='ocr_line' id='line_1_2' title="bbox 371 215 1023 268; baseline 0 -12"><span class='ocrx_word' id='word_1_4' title='bbox 371 218 409 266; x_wconf 88' lang='lat'>1)</span> <span class='ocrx_word' id='word_1_5' title='bbox 436 215 544 257; x_wconf 77' lang='lat' dir='ltr'>Post</span> <span class='ocrx_word' id='word_1_6' title='bbox 570 218 772 268; x_wconf 73' lang='lat' dir='ltr'>tempora</span> <span class='ocrx_word' id='word_1_7' title='bbox 797 217 1023 268; x_wconf 82' lang='lat' dir='ltr'>primaria.</span> 
     </span>
     <span class='ocr_line' id='line_1_3' title="bbox 176 286 1623 346; baseline -0.001 -12"><span class='ocrx_word' id='word_1_8' title='bbox 176 294 217 335; x_wconf 85' lang='lat' dir='ltr'>J.</span> <span class='ocrx_word' id='word_1_9' title='bbox 246 294 300 333; x_wconf 91' lang='lat' dir='ltr'>A.</span> <span class='ocrx_word' id='word_1_10' title='bbox 332 296 406 334; x_wconf 87' lang='grc'>879</span> <span class='ocrx_word' id='word_1_11' title='bbox 462 295 549 331; x_wconf 91' lang='grc' dir='ltr'>ΠΡ.</span> <span class='ocrx_word' id='word_1_12' title='bbox 583 286 790 345; x_wconf 65' lang='grc' dir='ltr'><strong><em>θέσφαθ’,</em></strong></span> <span class='ocrx_word' id='word_1_13' title='bbox 823 287 879 339; x_wconf 73' lang='grc' dir='ltr'>ὥς</span> <span class='ocrx_word' id='word_1_14' title='bbox 905 291 949 344; x_wconf 79' lang='grc' dir='ltr'>γέ</span> <span class='ocrx_word' id='word_1_15' title='bbox 975 306 1078 345; x_wconf 88' lang='grc' dir='ltr'><strong><em>φησι</em></strong></span> <span class='ocrx_word' id='word_1_16' title='bbox 1105 289 1278 342; x_wconf 81' lang='grc' dir='ltr'><strong><em>Κάλχας,</em></strong></span> <span class='ocrx_word' id='word_1_17' title='bbox 1307 293 1373 332; x_wconf 80' lang='grc' dir='ltr'>ἵνα</span> <span class='ocrx_word' id='word_1_18' title='bbox 1400 292 1623 346; x_wconf 74' lang='grc' dir='ltr'><strong><em>πορεύηται</em></strong></span> 
     </span>
     <span class='ocr_line' id='line_1_4' title="bbox 1306 360 1486 413; baseline 0 -13"><span class='ocrx_word' id='word_1_19' title='bbox 1306 360 1486 413; x_wconf 82' lang='grc' dir='ltr'><strong><em>στρατός.</em></strong></span> 
     </span>
     <span class='ocr_line' id='line_1_5' title="bbox 444 420 1619 481; baseline 0.003 -16"><span class='ocrx_word' id='word_1_20' title='bbox 444 430 543 465; x_wconf 88' lang='grc' dir='ltr'>ΚΛ.</span> <span class='ocrx_word' id='word_1_21' title='bbox 571 428 666 474; x_wconf 87' lang='grc' dir='ltr'>ποῖ;</span> <span class='ocrx_word' id='word_1_22' title='bbox 694 420 854 467; x_wconf 79' lang='grc' dir='ltr'><em>τάλαιν’</em></span> <span class='ocrx_word' id='word_1_23' title='bbox 884 425 971 479; x_wconf 82' lang='grc' dir='ltr'><strong><em>ἐγώ,</em></strong></span> <span class='ocrx_word' id='word_1_24' title='bbox 999 422 1173 466; x_wconf 83' lang='grc' dir='ltr'><strong><em>τάλαινα</em></strong></span> <span class='ocrx_word' id='word_1_25' title='bbox 1189 420 1229 466; x_wconf 74' lang='grc' dir='ltr'>δ’</span> <span class='ocrx_word' id='word_1_26' title='bbox 1259 421 1307 479; x_wconf 77' lang='grc' dir='ltr'><strong><em>ἣν</em></strong></span> <span class='ocrx_word' id='word_1_27' title='bbox 1324 428 1459 481; x_wconf 86' lang='grc' dir='ltr'><strong><em>πατὴρ</em></strong></span> <span class='ocrx_word' id='word_1_28' title='bbox 1484 427 1619 479; x_wconf 81' lang='grc' dir='ltr'><strong><em>μέλλει</em></strong></span> 
     </span>
     <span class='ocr_line' id='line_1_6' title="bbox 869 487 1475 534; baseline 0 -1"><span class='ocrx_word' id='word_1_29' title='bbox 869 487 871 489; x_wconf 47' lang='grc'><strong>’</strong></span> <span class='ocrx_word' id='word_1_30' title='bbox 1306 496 1475 534; x_wconf 80' lang='grc' dir='ltr'><strong><em>κτανεῖν.</em></strong></span> 
     </span>
     <span class='ocr_line' id='line_1_7' title="bbox 453 554 1624 614; baseline 0.002 -15"><span class='ocrx_word' id='word_1_31' title='bbox 453 564 539 599; x_wconf 92' lang='grc' dir='ltr'>ΠΡ.</span> <span class='ocrx_word' id='word_1_32' title='bbox 569 557 780 612; x_wconf 81' lang='grc' dir='ltr'><strong><em>Δαρδάνου</em></strong></span> <span class='ocrx_word' id='word_1_33' title='bbox 825 561 929 613; x_wconf 85' lang='grc' dir='ltr'><strong><em>πρὸς</em></strong></span> <span class='ocrx_word' id='word_1_34' title='bbox 972 554 1152 610; x_wconf 76' lang='grc' dir='ltr'><strong><em>δώμαθ’,</em></strong></span> <span class='ocrx_word' id='word_1_35' title='bbox 1206 554 1362 614; x_wconf 77' lang='grc' dir='ltr'><strong><em>Ἑλένην</em></strong></span> <span class='ocrx_word' id='word_1_36' title='bbox 1413 561 1624 609; x_wconf 80' lang='grc' dir='ltr'><strong><em>Μενέλεως</em></strong></span> 
     </span>
     <span class='ocr_line' id='line_1_8' title="bbox 1303 622 1560 682; baseline 0.004 -15"><span class='ocrx_word' id='word_1_37' title='bbox 1303 622 1417 675; x_wconf 75' lang='grc' dir='ltr'><strong><em>ὅπως</em></strong></span> <span class='ocrx_word' id='word_1_38' title='bbox 1442 624 1560 682; x_wconf 81' lang='grc' dir='ltr'><strong><em>λάβῃ.</em></strong></span> 
     </span>
    </p>
   </div>
   <div class='ocr_carea' id='block_1_2' title="bbox 172 709 1622 2379">
    <p class='ocr_par' dir='ltr' id='par_1_2' title="bbox 173 709 1622 903">
     <span class='ocr_line' id='line_1_9' title="bbox 224 709 1622 770; baseline 0.003 -15"><span class='ocrx_word' id='word_1_39' title='bbox 224 761 226 763; x_wconf 66' lang='lat'>‚</span> <span class='ocrx_word' id='word_1_40' title='bbox 280 709 391 762; x_wconf 75' lang='grc' dir='ltr'><strong><em>ὅπως</em></strong></span> <span class='ocrx_word' id='word_1_41' title='bbox 418 729 474 757; x_wconf 84' lang='lat' dir='ltr'>ex</span> <span class='ocrx_word' id='word_1_42' title='bbox 501 716 568 754; x_wconf 79' lang='grc' dir='ltr'>ἵνα</span> <span class='ocrx_word' id='word_1_43' title='bbox 596 716 818 769; x_wconf 81' lang='grc' dir='ltr'><strong><em>πορεύηται</em></strong></span> <span class='ocrx_word' id='word_1_44' title='bbox 846 715 1014 767; x_wconf 80' lang='grc' dir='ltr'><strong><em>στρατός</em></strong></span> <span class='ocrx_word' id='word_1_45' title='bbox 1045 718 1094 757; x_wconf 92' lang='lat' dir='ltr'>in</span> <span class='ocrx_word' id='word_1_46' title='bbox 1121 730 1160 756; x_wconf 89' lang='lat' dir='ltr'>v.</span> <span class='ocrx_word' id='word_1_47' title='bbox 1184 719 1232 757; x_wconf 78' lang='lat'>87</span> <span class='ocrx_word' id='word_1_48' title='bbox 1236 721 1259 759; x_wconf 88' lang='lat'><strong>9</strong></span> <span class='ocrx_word' id='word_1_49' title='bbox 1298 718 1478 770; x_wconf 80' lang='lat' dir='ltr'><strong>pendet3</strong></span> <span class='ocrx_word' id='word_1_50' title='bbox 1511 731 1622 770; x_wconf 89' lang='lat' dir='ltr'>quo-</span> 
     </span>
     <span class='ocr_line' id='line_1_10' title="bbox 173 779 1621 837; baseline 0.001 -13"><span class='ocrx_word' id='word_1_51' title='bbox 173 784 296 824; x_wconf 83' lang='lat' dir='ltr'>circa</span> <span class='ocrx_word' id='word_1_52' title='bbox 325 784 634 825; x_wconf 82' lang='lat' dir='ltr'>coniunctivus</span> <span class='ocrx_word' id='word_1_53' title='bbox 663 784 762 825; x_wconf 87' lang='lat' dir='ltr'>loco</span> <span class='ocrx_word' id='word_1_54' title='bbox 791 784 975 837; x_wconf 73' lang='lat' dir='ltr'>optativi</span> <span class='ocrx_word' id='word_1_55' title='bbox 1000 779 1133 834; x_wconf 83' lang='grc' dir='ltr'><strong><em>λάβοι,</em></strong></span> <span class='ocrx_word' id='word_1_56' title='bbox 1168 785 1246 837; x_wconf 92' lang='lat' dir='ltr'>qui</span> <span class='ocrx_word' id='word_1_57' title='bbox 1276 784 1323 825; x_wconf 91' lang='lat' dir='ltr'>in</span> <span class='ocrx_word' id='word_1_58' title='bbox 1356 784 1483 826; x_wconf 90' lang='lat' dir='ltr'><strong>codd.</strong></span> <span class='ocrx_word' id='word_1_59' title='bbox 1511 785 1621 837; x_wconf 82' lang='lat' dir='ltr'>legi-</span> 
     </span>
     <span class='ocr_line' id='line_1_11' title="bbox 173 851 1453 903; baseline 0.002 -13"><span class='ocrx_word' id='word_1_60' title='bbox 173 852 248 890; x_wconf 81' lang='lat' dir='ltr'>tur</span> <span class='ocrx_word' id='word_1_61' title='bbox 275 851 426 903; x_wconf 87' lang='lat' dir='ltr'><strong>(quem</strong></span> <span class='ocrx_word' id='word_1_62' title='bbox 453 853 603 891; x_wconf 77' lang='lat' dir='ltr'>tamen</span> <span class='ocrx_word' id='word_1_63' title='bbox 629 851 677 891; x_wconf 91' lang='lat' dir='ltr'>in</span> <span class='ocrx_word' id='word_1_64' title='bbox 705 851 746 890; x_wconf 93' lang='lat' dir='ltr'><em>B</em></span> <span class='ocrx_word' id='word_1_65' title='bbox 769 863 826 891; x_wconf 92' lang='lat' dir='ltr'>m.</span> <span class='ocrx_word' id='word_1_66' title='bbox 856 863 939 892; x_wconf 82' lang='lat' dir='ltr'>sec.</span> <span class='ocrx_word' id='word_1_67' title='bbox 970 851 1176 900; x_wconf 76' lang='lat' dir='ltr'>correxit)</span> <span class='ocrx_word' id='word_1_68' title='bbox 1203 851 1453 903; x_wconf 78' lang='lat' dir='ltr'><strong>requiritur.</strong></span> 
     </span>
    </p>

    <p class='ocr_par' dir='ltr' id='par_1_3' title="bbox 278 921 1385 981">
     <span class='ocr_line' id='line_1_12' title="bbox 278 921 1385 981; baseline -0.001 -12"><span class='ocrx_word' id='word_1_69' title='bbox 278 928 333 969; x_wconf 92' lang='lat' dir='ltr'>In</span> <span class='ocrx_word' id='word_1_70' title='bbox 361 928 433 969; x_wconf 88' lang='lat' dir='ltr'>Or.</span> <span class='ocrx_word' id='word_1_71' title='bbox 467 931 568 969; x_wconf 88' lang='lat'>1354</span> <span class='ocrx_word' id='word_1_72' title='bbox 587 940 650 981; x_wconf 88' lang='lat' dir='ltr'>sq.</span> <span class='ocrx_word' id='word_1_73' title='bbox 841 922 956 974; x_wconf 73' lang='grc' dir='ltr'><strong><em>ὅπως</em></strong></span> <span class='ocrx_word' id='word_1_74' title='bbox 983 921 1005 967; x_wconf 78' lang='grc' dir='ltr'><em>ὅ</em></span> <span class='ocrx_word' id='word_1_75' title='bbox 1035 927 1238 980; x_wconf 75' lang='grc' dir='ltr'><strong><em>πραχθεὶς</em></strong></span> <span class='ocrx_word' id='word_1_76' title='bbox 1264 925 1385 981; x_wconf 88' lang='grc' dir='ltr'><strong><em>φόνος</em></strong></span> 
     </span>
    </p>

    <p class='ocr_par' dir='ltr' id='par_1_4' title="bbox 172 989 1620 1248">
     <span class='ocr_line' id='line_1_13' title="bbox 665 989 1487 1049; baseline 0.001 -14"><span class='ocrx_word' id='word_1_77' title='bbox 665 996 721 1047; x_wconf 84' lang='grc' dir='ltr'>μὴ</span> <span class='ocrx_word' id='word_1_78' title='bbox 748 992 875 1035; x_wconf 84' lang='grc' dir='ltr'><strong><em>δεινὸν</em></strong></span> <span class='ocrx_word' id='word_1_79' title='bbox 898 989 1142 1047; x_wconf 75' lang='grc' dir='ltr'><strong><em>Ἀργείοισιν</em></strong></span> <span class='ocrx_word' id='word_1_80' title='bbox 1166 992 1323 1049; x_wconf 75' lang='grc' dir='ltr'><strong><em>ἐμβάλῃ</em></strong></span> <span class='ocrx_word' id='word_1_81' title='bbox 1349 992 1487 1049; x_wconf 85' lang='grc' dir='ltr'><strong><em>φόβον,</em></strong></span> 
     </span>
     <span class='ocr_line' id='line_1_14' title="bbox 174 1070 1620 1128; baseline 0.001 -14"><span class='ocrx_word' id='word_1_82' title='bbox 174 1074 254 1114; x_wconf 88' lang='lat' dir='ltr'>ubi</span> <span class='ocrx_word' id='word_1_83' title='bbox 280 1074 570 1125; x_wconf 74' lang='lat' dir='ltr'>imperativus</span> <span class='ocrx_word' id='word_1_84' title='bbox 598 1074 835 1126; x_wconf 83' lang='lat' dir='ltr'>praecedit,</span> <span class='ocrx_word' id='word_1_85' title='bbox 863 1074 909 1113; x_wconf 92' lang='lat' dir='ltr'>in</span> <span class='ocrx_word' id='word_1_86' title='bbox 938 1073 1064 1115; x_wconf 88' lang='lat' dir='ltr'><strong>codd.</strong></span> <span class='ocrx_word' id='word_1_87' title='bbox 1094 1070 1273 1126; x_wconf 77' lang='grc' dir='ltr'><strong><em>ἐμβάλλῃ</em></strong></span> <span class='ocrx_word' id='word_1_88' title='bbox 1301 1074 1382 1125; x_wconf 82' lang='grc' dir='ltr'><strong><em>(-ει,</em></strong></span> <span class='ocrx_word' id='word_1_89' title='bbox 1403 1075 1481 1125; x_wconf 92' lang='grc' dir='ltr'><strong><em>-οι)</em></strong></span> <span class='ocrx_word' id='word_1_90' title='bbox 1509 1075 1620 1128; x_wconf 83' lang='lat' dir='ltr'>legi-</span> 
     </span>
     <span class='ocr_line' id='line_1_15' title="bbox 172 1136 1620 1193; baseline 0.001 -12"><span class='ocrx_word' id='word_1_91' title='bbox 172 1143 256 1181; x_wconf 82' lang='lat' dir='ltr'>tur.</span> <span class='ocrx_word' id='word_1_92' title='bbox 313 1140 631 1182; x_wconf 72' lang='lat' dir='ltr'>conjunctivus</span> <span class='ocrx_word' id='word_1_93' title='bbox 670 1143 810 1181; x_wconf 80' lang='lat' dir='ltr'>aoristi</span> <span class='ocrx_word' id='word_1_94' title='bbox 846 1136 1001 1193; x_wconf 74' lang='grc' dir='ltr'><strong><em>ἐμβάλῃ</em></strong></span> <span class='ocrx_word' id='word_1_95' title='bbox 1040 1141 1302 1182; x_wconf 84' lang='lat' dir='ltr'>scribendus</span> <span class='ocrx_word' id='word_1_96' title='bbox 1342 1144 1418 1183; x_wconf 74' lang='lat' dir='ltr'><strong>est.</strong></span> <span class='ocrx_word' id='word_1_97' title='bbox 1486 1142 1620 1184; x_wconf 81' lang='lat' dir='ltr'>Actio</span> 
     </span>
     <span class='ocr_line' id='line_1_16' title="bbox 174 1207 436 1248; baseline -0.004 0"><span class='ocrx_word' id='word_1_98' title='bbox 174 1219 265 1248; x_wconf 89' lang='lat' dir='ltr'>non</span> <span class='ocrx_word' id='word_1_99' title='bbox 294 1207 436 1248; x_wconf 78' lang='lat' dir='ltr'>durat.</span> 
     </span>
    </p>

    <p class='ocr_par' dir='ltr' id='par_1_5' title="bbox 172 1275 1621 1596">
     <span class='ocr_line' id='line_1_17' title="bbox 278 1275 1620 1328; baseline 0.001 -13"><span class='ocrx_word' id='word_1_100' title='bbox 278 1275 317 1315; x_wconf 83' lang='lat' dir='ltr'>J.</span> <span class='ocrx_word' id='word_1_101' title='bbox 348 1275 401 1314; x_wconf 92' lang='lat' dir='ltr'>A.</span> <span class='ocrx_word' id='word_1_102' title='bbox 431 1277 507 1314; x_wconf 85' lang='lat'>427</span> <span class='ocrx_word' id='word_1_103' title='bbox 554 1275 733 1327; x_wconf 86' lang='lat' dir='ltr'>spurius</span> <span class='ocrx_word' id='word_1_104' title='bbox 761 1277 827 1315; x_wconf 78' lang='lat' dir='ltr'>est</span> <span class='ocrx_word' id='word_1_105' title='bbox 854 1275 1100 1315; x_wconf 85' lang='lat' dir='ltr'>secundum</span> <span class='ocrx_word' id='word_1_106' title='bbox 1119 1275 1295 1316; x_wconf 83' lang='lat' dir='ltr'>criticos</span> <span class='ocrx_word' id='word_1_107' title='bbox 1325 1276 1525 1328; x_wconf 87' lang='lat' dir='ltr'>optimos,</span> <span class='ocrx_word' id='word_1_108' title='bbox 1542 1276 1620 1328; x_wconf 87' lang='lat' dir='ltr'>qui</span> 
     </span>
     <span class='ocr_line' id='line_1_18' title="bbox 175 1341 1621 1391; baseline 0.001 -10"><span class='ocrx_word' id='word_1_109' title='bbox 175 1344 226 1381; x_wconf 75' lang='lat' dir='ltr'>ut</span> <span class='ocrx_word' id='word_1_110' title='bbox 263 1341 375 1381; x_wconf 89' lang='lat' dir='ltr'>mihi</span> <span class='ocrx_word' id='word_1_111' title='bbox 413 1341 602 1391; x_wconf 82' lang='lat' dir='ltr'>videtur,</span> <span class='ocrx_word' id='word_1_112' title='bbox 642 1343 760 1382; x_wconf 74' lang='lat' dir='ltr'>recte</span> <span class='ocrx_word' id='word_1_113' title='bbox 786 1354 858 1382; x_wconf 90' lang='lat' dir='ltr'>vv.</span> <span class='ocrx_word' id='word_1_114' title='bbox 879 1344 1087 1382; x_wconf 86' lang='lat'><strong>413—441</strong></span> <span class='ocrx_word' id='word_1_115' title='bbox 1117 1341 1452 1383; x_wconf 76' lang='lat' dir='ltr'>damnaverunt.</span> <span class='ocrx_word' id='word_1_116' title='bbox 1506 1341 1621 1383; x_wconf 83' lang='lat' dir='ltr'>Her-</span> 
     </span>
     <span class='ocr_line' id='line_1_19' title="bbox 172 1408 1621 1462; baseline 0.001 -14"><span class='ocrx_word' id='word_1_117' title='bbox 172 1421 366 1449; x_wconf 78' lang='lat' dir='ltr'>mannus</span> <span class='ocrx_word' id='word_1_118' title='bbox 403 1411 554 1449; x_wconf 75' lang='lat' dir='ltr'>tamen</span> <span class='ocrx_word' id='word_1_119' title='bbox 592 1408 771 1449; x_wconf 82' lang='lat' dir='ltr'><strong>eosdem</strong></span> <span class='ocrx_word' id='word_1_120' title='bbox 797 1421 953 1449; x_wconf 82' lang='lat' dir='ltr'>versus</span> <span class='ocrx_word' id='word_1_121' title='bbox 982 1408 1188 1459; x_wconf 74' lang='lat' dir='ltr'><strong>defendit,</strong></span> <span class='ocrx_word' id='word_1_122' title='bbox 1217 1421 1349 1462; x_wconf 86' lang='lat' dir='ltr'><strong>quem</strong></span> <span class='ocrx_word' id='word_1_123' title='bbox 1376 1410 1454 1450; x_wconf 88' lang='lat' dir='ltr'>alii</span> <span class='ocrx_word' id='word_1_124' title='bbox 1481 1410 1621 1451; x_wconf 73' lang='lat' dir='ltr'>secuti</span> 
     </span>
     <span class='ocr_line' id='line_1_20' title="bbox 174 1475 1621 1529; baseline 0.001 -13"><span class='ocrx_word' id='word_1_125' title='bbox 174 1478 295 1525; x_wconf 76' lang='lat' dir='ltr'>sunt3</span> <span class='ocrx_word' id='word_1_126' title='bbox 341 1476 420 1516; x_wconf 80' lang='lat' dir='ltr'>sed</span> <span class='ocrx_word' id='word_1_127' title='bbox 465 1487 612 1516; x_wconf 81' lang='lat' dir='ltr'>sermo</span> <span class='ocrx_word' id='word_1_128' title='bbox 651 1476 708 1516; x_wconf 90' lang='lat' dir='ltr'>ab</span> <span class='ocrx_word' id='word_1_129' title='bbox 747 1475 989 1528; x_wconf 88' lang='lat' dir='ltr'>Euripideo</span> <span class='ocrx_word' id='word_1_130' title='bbox 1027 1478 1256 1529; x_wconf 68' lang='lat' dir='ltr'>tanizopere</span> <span class='ocrx_word' id='word_1_131' title='bbox 1294 1476 1470 1517; x_wconf 82' lang='lat' dir='ltr'>differre</span> <span class='ocrx_word' id='word_1_132' title='bbox 1507 1476 1621 1517; x_wconf 91' lang='lat' dir='ltr'>mihi</span> 
     </span>
     <span class='ocr_line' id='line_1_21' title="bbox 173 1542 980 1596; baseline -0.001 -12"><span class='ocrx_word' id='word_1_133' title='bbox 173 1543 363 1593; x_wconf 77' lang='lat' dir='ltr'>videtur,</span> <span class='ocrx_word' id='word_1_134' title='bbox 392 1545 441 1583; x_wconf 73' lang='lat' dir='ltr'>ut</span> <span class='ocrx_word' id='word_1_135' title='bbox 467 1542 535 1583; x_wconf 90' lang='lat' dir='ltr'>illi</span> <span class='ocrx_word' id='word_1_136' title='bbox 562 1555 652 1583; x_wconf 90' lang='lat' dir='ltr'>non</span> <span class='ocrx_word' id='word_1_137' title='bbox 680 1542 935 1596; x_wconf 80' lang='lat' dir='ltr'>adstipuler.</span> <span class='ocrx_word' id='word_1_138' title='bbox 948 1543 980 1593; x_wconf 88' lang='lat'>¹)</span> 
     </span>
    </p>

    <p class='ocr_par' dir='ltr' id='par_1_6' title="bbox 364 1614 697 1672">
     <span class='ocr_line' id='line_1_22' title="bbox 364 1614 697 1672; baseline -0.003 -11"><span class='ocrx_word' id='word_1_139' title='bbox 364 1620 408 1670; x_wconf 85' lang='lat' dir='ltr'>e)</span> <span class='ocrx_word' id='word_1_140' title='bbox 436 1632 464 1660; x_wconf 86' lang='lat' dir='ltr'>a</span> <span class='ocrx_word' id='word_1_141' title='bbox 492 1614 605 1665; x_wconf 74' lang='grc' dir='ltr'><strong><em>ὅπως</em></strong></span> <span class='ocrx_word' id='word_1_142' title='bbox 630 1616 697 1672; x_wconf 80' lang='grc' dir='ltr'>μή.</span> 
     </span>
    </p>

    <p class='ocr_par' dir='ltr' id='par_1_7' title="bbox 279 1687 1618 1741">
     <span class='ocr_line' id='line_1_23' title="bbox 279 1687 1618 1741; baseline 0 -12"><span class='ocrx_word' id='word_1_143' title='bbox 279 1688 404 1729; x_wconf 82' lang='lat' dir='ltr'>Unus</span> <span class='ocrx_word' id='word_1_144' title='bbox 432 1688 557 1729; x_wconf 82' lang='lat' dir='ltr'>locus</span> <span class='ocrx_word' id='word_1_145' title='bbox 585 1688 809 1729; x_wconf 75' lang='lat' dir='ltr'>invenitur</span> <span class='ocrx_word' id='word_1_146' title='bbox 836 1687 925 1738; x_wconf 91' lang='lat' dir='ltr'>(Or.</span> <span class='ocrx_word' id='word_1_147' title='bbox 942 1688 1071 1739; x_wconf 83' lang='lat'><strong>1355),</strong></span> <span class='ocrx_word' id='word_1_148' title='bbox 1101 1689 1178 1741; x_wconf 89' lang='lat' dir='ltr'>qui</span> <span class='ocrx_word' id='word_1_149' title='bbox 1205 1700 1341 1738; x_wconf 85' lang='lat' dir='ltr'>supra</span> <span class='ocrx_word' id='word_1_150' title='bbox 1361 1687 1521 1729; x_wconf 75' lang='lat' dir='ltr'>allatus</span> <span class='ocrx_word' id='word_1_151' title='bbox 1541 1691 1618 1729; x_wconf 77' lang='lat' dir='ltr'><strong>est.</strong></span> 
     </span>
    </p>

    <p class='ocr_par' dir='ltr' id='par_1_8' title="bbox 175 1749 957 1884">
     <span class='ocr_line' id='line_1_24' title="bbox 175 1749 957 1808; baseline 0 -12"><span class='ocrx_word' id='word_1_152' title='bbox 175 1757 472 1808; x_wconf 80' lang='lat' dir='ltr'>Imperativus</span> <span class='ocrx_word' id='word_1_153' title='bbox 501 1749 614 1801; x_wconf 64' lang='grc' dir='ltr'><strong><em>ὅπως</em></strong></span> <span class='ocrx_word' id='word_1_154' title='bbox 640 1755 694 1807; x_wconf 85' lang='grc' dir='ltr'>μή</span> <span class='ocrx_word' id='word_1_155' title='bbox 721 1756 957 1808; x_wconf 74' lang='lat' dir='ltr'>praecedit.</span> 
     </span>
     <span class='ocr_line' id='line_1_25' title="bbox 361 1826 681 1884; baseline -0.003 -10"><span class='ocrx_word' id='word_1_156' title='bbox 361 1834 399 1884; x_wconf 87' lang='lat' dir='ltr'>f)</span> <span class='ocrx_word' id='word_1_157' title='bbox 428 1846 455 1874; x_wconf 89' lang='lat' dir='ltr'>a</span> <span class='ocrx_word' id='word_1_158' title='bbox 482 1826 595 1880; x_wconf 72' lang='grc' dir='ltr'><strong><em>ὅπως</em></strong></span> <span class='ocrx_word' id='word_1_159' title='bbox 622 1827 681 1874; x_wconf 66' lang='grc' dir='ltr'><strong><em>ἄν.</em></strong></span> 
     </span>
    </p>

    <p class='ocr_par' dir='ltr' id='par_1_9' title="bbox 280 1893 1465 1953">
     <span class='ocr_line' id='line_1_26' title="bbox 280 1893 1465 1953; baseline -0.003 -11"><span class='ocrx_word' id='word_1_160' title='bbox 280 1902 376 1942; x_wconf 81' lang='lat' dir='ltr'>Alc.</span> <span class='ocrx_word' id='word_1_161' title='bbox 407 1905 482 1942; x_wconf 83' lang='lat'>779</span> <span class='ocrx_word' id='word_1_162' title='bbox 538 1893 642 1951; x_wconf 78' lang='grc' dir='ltr'><strong><em>δεῦρ’</em></strong></span> <span class='ocrx_word' id='word_1_163' title='bbox 672 1894 766 1939; x_wconf 71' lang='grc' dir='ltr'><strong><em>ἔλθ’</em></strong></span> <span class='ocrx_word' id='word_1_164' title='bbox 798 1894 911 1947; x_wconf 79' lang='grc' dir='ltr'><strong><em>ὅπως</em></strong></span> <span class='ocrx_word' id='word_1_165' title='bbox 938 1894 988 1939; x_wconf 69' lang='grc' dir='ltr'><strong><em>ἂν</em></strong></span> <span class='ocrx_word' id='word_1_166' title='bbox 1013 1899 1085 1939; x_wconf 79' lang='grc' dir='ltr'><strong><em>καὶ</em></strong></span> <span class='ocrx_word' id='word_1_167' title='bbox 1113 1900 1337 1953; x_wconf 85' lang='grc' dir='ltr'><strong><em>σοφώτερος</em></strong></span> <span class='ocrx_word' id='word_1_168' title='bbox 1364 1898 1465 1953; x_wconf 79' lang='grc' dir='ltr'><strong><em>γένῃ.</em></strong></span> 
     </span>
    </p>

    <p class='ocr_par' dir='ltr' id='par_1_10' title="bbox 282 1968 1397 2022">
     <span class='ocr_line' id='line_1_27' title="bbox 282 1968 1397 2022; baseline -0.001 -11"><span class='ocrx_word' id='word_1_169' title='bbox 282 1969 500 2012; x_wconf 84' lang='lat' dir='ltr'>Hercules</span> <span class='ocrx_word' id='word_1_170' title='bbox 528 1982 708 2011; x_wconf 87' lang='lat' dir='ltr'>servum</span> <span class='ocrx_word' id='word_1_171' title='bbox 735 1968 921 2022; x_wconf 80' lang='lat' dir='ltr'>hospitis</span> <span class='ocrx_word' id='word_1_172' title='bbox 948 1969 1116 2010; x_wconf 83' lang='lat' dir='ltr'>ironice</span> <span class='ocrx_word' id='word_1_173' title='bbox 1145 1968 1397 2022; x_wconf 79' lang='lat' dir='ltr'>alloquitur.</span> 
     </span>
    </p>

    <p class='ocr_par' dir='ltr' id='par_1_11' title="bbox 282 2031 900 2089">
     <span class='ocr_line' id='line_1_28' title="bbox 282 2031 900 2089; baseline 0.003 -14"><span class='ocrx_word' id='word_1_174' title='bbox 282 2032 332 2076; x_wconf 78' lang='grc' dir='ltr'><strong><em>ἷίν</em></strong></span> <span class='ocrx_word' id='word_1_175' title='bbox 358 2038 545 2079; x_wconf 75' lang='lat' dir='ltr'>fortasse</span> <span class='ocrx_word' id='word_1_176' title='bbox 572 2056 624 2069; x_wconf 94' lang='lat'>=</span> <span class='ocrx_word' id='word_1_177' title='bbox 651 2031 699 2089; x_wconf 71' lang='grc' dir='ltr'><strong><em>ἥν</em></strong></span> <span class='ocrx_word' id='word_1_178' title='bbox 724 2051 768 2089; x_wconf 82' lang='grc' dir='ltr'>γε</span> <span class='ocrx_word' id='word_1_179' title='bbox 794 2033 900 2089; x_wconf 87' lang='grc' dir='ltr'><strong><em>δύνῃ.</em></strong></span> 
     </span>
    </p>

    <p class='ocr_par' dir='ltr' id='par_1_12' title="bbox 279 2107 1360 2167">
     <span class='ocr_line' id='line_1_29' title="bbox 279 2107 1360 2167; baseline -0.005 -10"><span class='ocrx_word' id='word_1_180' title='bbox 279 2115 378 2157; x_wconf 83' lang='lat' dir='ltr'>Hel.</span> <span class='ocrx_word' id='word_1_181' title='bbox 410 2117 486 2156; x_wconf 80' lang='lat'>892</span> <span class='ocrx_word' id='word_1_182' title='bbox 540 2111 602 2160; x_wconf 86' lang='grc' dir='ltr'>τίς</span> <span class='ocrx_word' id='word_1_183' title='bbox 629 2107 706 2154; x_wconf 80' lang='grc' dir='ltr'><strong><em>εἶσ’</em></strong></span> <span class='ocrx_word' id='word_1_184' title='bbox 739 2112 900 2167; x_wconf 80' lang='grc' dir='ltr'><strong><em>ἀδελφῷ</em></strong></span> <span class='ocrx_word' id='word_1_185' title='bbox 925 2109 1038 2153; x_wconf 83' lang='grc' dir='ltr'><strong><em>τόνδε</em></strong></span> <span class='ocrx_word' id='word_1_186' title='bbox 1065 2114 1251 2167; x_wconf 79' lang='grc' dir='ltr'><strong><em>σημανῶν</em></strong></span> <span class='ocrx_word' id='word_1_187' title='bbox 1277 2111 1360 2165; x_wconf 74' lang='grc' dir='ltr'>ἐμῷ</span> 
     </span>
    </p>

    <p class='ocr_par' dir='ltr' id='par_1_13' title="bbox 535 2174 1459 2233">
     <span class='ocr_line' id='line_1_30' title="bbox 535 2174 1459 2233; baseline -0.001 -13"><span class='ocrx_word' id='word_1_188' title='bbox 535 2175 733 2233; x_wconf 75' lang='grc' dir='ltr'><strong><em>παρόνθ’,</em></strong></span> <span class='ocrx_word' id='word_1_189' title='bbox 763 2176 876 2228; x_wconf 75' lang='grc' dir='ltr'><strong><em>ὅπως</em></strong></span> <span class='ocrx_word' id='word_1_190' title='bbox 903 2176 952 2220; x_wconf 72' lang='grc' dir='ltr'><strong><em>ἂν</em></strong></span> <span class='ocrx_word' id='word_1_191' title='bbox 978 2174 1126 2231; x_wconf 66' lang='grc' dir='ltr'><strong><em>τοί-μὸν</em></strong></span> <span class='ocrx_word' id='word_1_192' title='bbox 1154 2174 1348 2233; x_wconf 81' lang='grc' dir='ltr'><strong><em>ἆσφαλῶς</em></strong></span> <span class='ocrx_word' id='word_1_193' title='bbox 1372 2177 1459 2233; x_wconf 50' lang='lat'>3237,-</span> 
     </span>
    </p>

    <p class='ocr_par' dir='ltr' id='par_1_14' title="bbox 281 2251 1618 2312">
     <span class='ocr_line' id='line_1_31' title="bbox 281 2251 1618 2312; baseline -0.001 -13"><span class='ocrx_word' id='word_1_194' title='bbox 281 2254 393 2306; x_wconf 78' lang='grc' dir='ltr'><strong><em>ὅπως</em></strong></span> <span class='ocrx_word' id='word_1_195' title='bbox 432 2254 481 2298; x_wconf 72' lang='grc' dir='ltr'><strong><em>ἄν</em></strong></span> <span class='ocrx_word' id='word_1_196' title='bbox 520 2260 579 2301; x_wconf 89' lang='lat' dir='ltr'>ad</span> <span class='ocrx_word' id='word_1_197' title='bbox 617 2259 803 2312; x_wconf 82' lang='grc' dir='ltr'><strong><em>σημανῶν</em></strong></span> <span class='ocrx_word' id='word_1_198' title='bbox 840 2259 1040 2301; x_wconf 73' lang='lat' dir='ltr'>refertur.</span> <span class='ocrx_word' id='word_1_199' title='bbox 1108 2253 1158 2297; x_wconf 74' lang='grc' dir='ltr'><strong><em>ἅν</em></strong></span> <span class='ocrx_word' id='word_1_200' title='bbox 1183 2277 1236 2291; x_wconf 90' lang='lat'>=</span> <span class='ocrx_word' id='word_1_201' title='bbox 1263 2251 1358 2297; x_wconf 78' lang='grc' dir='ltr'><strong><em>ὅταν</em></strong></span> <span class='ocrx_word' id='word_1_202' title='bbox 1384 2252 1406 2297; x_wconf 84' lang='grc' dir='ltr'>ὁ</span> <span class='ocrx_word' id='word_1_203' title='bbox 1444 2251 1618 2310; x_wconf 74' lang='grc' dir='ltr'><strong><em>ἀδελφὸς</em></strong></span> 
     </span>
    </p>

    <p class='ocr_par' dir='ltr' id='par_1_15' title="bbox 175 2323 1045 2379">
     <span class='ocr_line' id='line_1_32' title="bbox 175 2323 1045 2379; baseline 0.001 -14"><span class='ocrx_word' id='word_1_204' title='bbox 175 2323 307 2379; x_wconf 83' lang='grc' dir='ltr'><strong><em>μάθῃ.</em></strong></span> <span class='ocrx_word' id='word_1_205' title='bbox 1042 2327 1045 2333; x_wconf 86' lang='grc'><strong>’</strong></span> 
     </span>
    </p>
   </div>
   <div class='ocr_carea' id='block_1_3' title="bbox 175 2417 425 2422">
    <p class='ocr_par' dir='ltr' id='par_1_16' title="bbox 175 2417 425 2422">
     <span class='ocr_line' id='line_1_33' title="bbox 175 2417 425 2422; baseline 0 0"><span class='ocrx_word' id='word_1_206' title='bbox 175 2417 425 2422; x_wconf 95' lang='lat' dir='ltr'> </span> 
     </span>
    </p>
   </div>
   <div class='ocr_carea' id='block_1_4' title="bbox 175 2455 1621 2553">
    <p class='ocr_par' dir='ltr' id='par_1_17' title="bbox 175 2455 1621 2553">
     <span class='ocr_line' id='line_1_34' title="bbox 283 2455 1621 2499; baseline -0.003 -8"><span class='ocrx_word' id='word_1_207' title='bbox 283 2459 305 2496; x_wconf 91' lang='lat'>¹)</span> <span class='ocrx_word' id='word_1_208' title='bbox 328 2457 435 2491; x_wconf 82' lang='lat' dir='ltr'>Ceteri</span> <span class='ocrx_word' id='word_1_209' title='bbox 456 2458 517 2490; x_wconf 82' lang='lat' dir='ltr'>loci</span> <span class='ocrx_word' id='word_1_210' title='bbox 539 2460 632 2490; x_wconf 80' lang='lat' dir='ltr'><strong>sunt:</strong></span> <span class='ocrx_word' id='word_1_211' title='bbox 667 2458 703 2497; x_wconf 89' lang='grc' dir='ltr'><strong><em>α)</em></strong></span> <span class='ocrx_word' id='word_1_212' title='bbox 725 2458 804 2490; x_wconf 87' lang='lat' dir='ltr'>Hec.</span> <span class='ocrx_word' id='word_1_213' title='bbox 834 2457 906 2498; x_wconf 85' lang='lat'><strong>232,</strong></span> <span class='ocrx_word' id='word_1_214' title='bbox 939 2457 1053 2499; x_wconf 83' lang='lat' dir='ltr'><strong>Suppl.</strong></span> <span class='ocrx_word' id='word_1_215' title='bbox 1075 2457 1147 2497; x_wconf 82' lang='lat'>234,</span> <span class='ocrx_word' id='word_1_216' title='bbox 1180 2457 1297 2490; x_wconf 80' lang='lat' dir='ltr'><strong>Phoen.</strong></span> <span class='ocrx_word' id='word_1_217' title='bbox 1321 2457 1402 2489; x_wconf 84' lang='lat'><strong>1317</strong></span> <span class='ocrx_word' id='word_1_218' title='bbox 1424 2457 1513 2498; x_wconf 77' lang='lat' dir='ltr'><strong>(post</strong></span> <span class='ocrx_word' id='word_1_219' title='bbox 1539 2455 1621 2488; x_wconf 82' lang='lat' dir='ltr'>indi-</span> 
     </span>
     <span class='ocr_line' id='line_1_35' title="bbox 175 2508 1386 2553; baseline -0.002 -11"><span class='ocrx_word' id='word_1_220' title='bbox 175 2510 317 2543; x_wconf 80' lang='lat' dir='ltr'>cativum</span> <span class='ocrx_word' id='word_1_221' title='bbox 339 2510 542 2553; x_wconf 79' lang='lat' dir='ltr'>praesentis),</span> <span class='ocrx_word' id='word_1_222' title='bbox 564 2509 601 2553; x_wconf 83' lang='grc' dir='ltr'>β)</span> <span class='ocrx_word' id='word_1_223' title='bbox 622 2510 653 2542; x_wconf 88' lang='lat' dir='ltr'>J.</span> <span class='ocrx_word' id='word_1_224' title='bbox 675 2509 711 2542; x_wconf 90' lang='grc' dir='ltr'>Τ.</span> <span class='ocrx_word' id='word_1_225' title='bbox 736 2509 827 2550; x_wconf 88' lang='grc'><strong>1460,</strong></span> <span class='ocrx_word' id='word_1_226' title='bbox 848 2508 903 2543; x_wconf 91' lang='lat' dir='ltr'>Or.</span> <span class='ocrx_word' id='word_1_227' title='bbox 928 2509 1008 2542; x_wconf 85' lang='lat'><strong>1585</strong></span> <span class='ocrx_word' id='word_1_228' title='bbox 1030 2508 1118 2550; x_wconf 79' lang='lat' dir='ltr'>(post</span> <span class='ocrx_word' id='word_1_229' title='bbox 1138 2508 1386 2552; x_wconf 78' lang='lat' dir='ltr'>imperativum).</span> 
     </span>
    </p>
   </div>
  </div>
 </body>
</html>
