1815 3068
796 171 1051 208 „41-

580 283 613 323 Ι.
659 282 767 323 Hic
803 282 1004 322 modus
1040 281 1254 334 pendet

480 365 511 401 1.
551 360 658 402 Post
684 362 885 413 tempora
909 359 1123 412 primaria

398 429 445 479 a)
472 439 499 469 a
527 421 638 474 ὅπως
664 421 713 466 ἶὶν
737 422 806 479 μή.

262 507 302 548 J.
331 506 386 548 A.
416 508 491 547 538
545 503 586 544 ἕν
611 519 683 555 μοι
710 501 897 557 φύλαξον,
925 501 1147 550 Μενέλεως,
1178 495 1255 540 ἆνά
1283 498 1450 551 στρατὸν

536 568 679 621 ἐλθών,
707 566 821 618 ὅπως
848 564 897 610 ἂν
921 567 976 623 μὴ
1004 563 1337 622 Κλυταιμνήστρα
1364 564 1461 607 τάδε

535 636 665 692 μάθῃ.
919 650 922 653 ’

316 717 446 767 Quod
491 718 550 759 ad
586 717 851 770 particulam
890 710 938 755 ὂῖν
976 717 1131 757 attinet
1175 714 1377 766 condicio
1414 712 1644 754 indefinita

212 786 360 826 animo
397 786 618 838 loquentis
656 785 928 825 obversatur.
983 777 1097 828 ὅπως
1135 783 1230 823 sine
1268 775 1318 819 ὂῖν
1355 793 1458 822 cum
1493 780 1643 820 futuro

211 853 383 893 tantum
410 852 531 905 apud
557 852 663 892 Eur.
691 853 790 904 post
814 853 1014 903 tempora
1040 850 1256 902 primaria
1281 848 1515 889 invenitur.

399 930 445 979 b)
472 942 500 970 a
526 922 581 975 ὡς
606 928 835 981 particula.

263 997 303 1038 J.
332 996 376 1037 Τ.
406 1000 481 1038 467
536 992 587 1034 τὰ
614 996 684 1047 τῆς
710 993 811 1034 θεοῦ
836 992 908 1045 μὲν
934 995 1095 1045 πρῶτον
1120 987 1176 1040 ὥς
1201 993 1334 1040 καλῶς
1358 990 1425 1044 ἔχη

540 1060 794 1115 φροντιστέον
829 1075 913 1111 μοι.
984 1061 1121 1114 Apud
1165 1061 1334 1102 Aldum
1378 1057 1461 1108 ἔχοι
1507 1059 1644 1111 scrip-

212 1133 308 1172 tum
335 1133 411 1172 est.

264 1197 380 1238 Med.
408 1200 484 1238 459
539 1190 644 1246 ὅμως
670 1194 714 1235 δὲ
740 1189 817 1234 κάκ
843 1189 959 1233 τῶνδ’
991 1189 1063 1234 οὐκ
1091 1189 1319 1246 ἀπειρηκώς
1346 1192 1481 1245 φίλοις

539 1257 634 1315 ἥκω,
662 1259 708 1302 τὸ
736 1259 806 1302 σὸν
834 1261 878 1301 δὲ
905 1257 1267 1314 προσκοπούμενος,
1295 1261 1419 1313 γύναι,

539 1324 593 1377 ὥς
618 1325 711 1382 μήτ’
743 1324 926 1382 ἀχρήμων
953 1326 1024 1369 σὺν
1049 1327 1246 1369 τέκνοισιν
1272 1325 1445 1380 ἐκπέσῃς

476 1393 480 1400 ᾗ
538 1390 633 1451 μήτ’
664 1393 796 1451 ἐνδεής
822 1412 903 1437 του.

401 1477 440 1526 (3)
468 1489 496 1517 a
522 1469 576 1522 ὦς
603 1468 652 1514 ἂν
677 1471 744 1528 μή.

268 1543 340 1584 Or.
373 1545 472 1584 1098
846 1539 904 1589 εἷς
929 1539 1084 1589 κοινοὺς
1110 1538 1249 1593 λόγους

516 1606 708 1660 ἔλθωμεν,
736 1603 789 1656 ὦς
816 1603 866 1648 ἂν
897 1608 1100 1656 Μενέλεως
1127 1609 1370 1661 ξυνδυστυχῇ.

320 1673 377 1723 εἰς
402 1691 438 1716 κ.
467 1677 502 1716 λ.
529 1674 711 1727 ἔλθωμεν
736 1696 789 1709 =
814 1673 1137 1727 βουλευσώμεθα.

404 1755 450 1802 d)
479 1767 507 1795 a
531 1750 587 1806 μή
612 1755 842 1807 particula.

320 1821 419 1862 Hae
446 1822 766 1863 enuntiationes
794 1822 1082 1863 secundariae
1110 1824 1223 1872 sunt,
1262 1822 1301 1862 si
1338 1822 1537 1863 notiones
1576 1833 1648 1863 co-

216 1888 366 1939 nandi,
395 1888 681 1938 deliberandi,
710 1889 897 1929 cavendi
923 1884 979 1940 μή
1005 1889 1293 1941 praecedunt3
1321 1889 1453 1941 quod,
1471 1892 1521 1929 ut
1538 1889 1650 1930 mihi

217 1955 403 2006 videtur,
432 1956 487 1996 de
512 1951 568 2007 μή
595 1958 695 2008 post
719 1956 920 1997 notiones
955 1956 1113 1997 orandi
1139 1952 1326 2006 (ἱκετείω,
1354 1953 1557 2005 λίσσομαι,
1586 1954 1650 1995 αὶ-

215 2023 373 2073 τοῦμαι,
412 2016 613 2071 ἀπαιτεῖν,
652 2017 842 2074 ἄντομαι)
886 2036 975 2065 non
1020 2024 1371 2077 praedicandum
1415 2027 1490 2066 est.
1551 2025 1650 2066 Hoc

216 2092 337 2143 patet
363 2103 419 2131 ex
445 2091 543 2131 loco
570 2090 755 2131 Medeae

349 2157 424 2199 709
479 2149 568 2196 ἄλλ’
600 2151 772 2207 ἷίντομαί
799 2171 844 2197 σε
868 2157 990 2210 τῆσδε
1014 2154 1118 2209 πρὸς
1143 2154 1339 2208 γενειάδος

476 2220 653 2275 γονάτων
678 2238 721 2263 τε
747 2224 825 2263 τῶν
852 2225 932 2263 σιῖν
959 2221 1091 2263 ἱκεσία
1117 2238 1160 2263 τε
1185 2222 1380 2276 γίγνομαι,

478 2287 672 2344 οἷ’κτειρον
698 2288 891 2344 οἷ’κτειρον
916 2305 966 2343 με
990 2289 1061 2346 τὴν
1086 2289 1331 2343 δυσδαίμονα

476 2358 548 2398 καὶ
572 2356 629 2412 μή
655 2354 701 2410 μ’
732 2357 876 2411 ἔρημον
901 2359 1151 2399 ἐκπεσοῦσαν
1177 2358 1339 2413 εἶσίὸῃς.

322 2424 515 2484 οἷ’κτειρον
533 2433 593 2474 ad
620 2445 799 2475 sensum
818 2434 998 2487 quidem
1015 2446 1071 2476 ex
1098 2427 1269 2484 ἄντομαι
1288 2436 1332 2475 et
1359 2430 1490 2473 ἱκεσία
1518 2431 1650 2486 γίγνο-

216 2515 305 2550 μαι,
343 2512 434 2541 non
460 2501 707 2542 secundum
743 2503 1060 2553 grammaticae
1089 2502 1291 2553 regulam
1318 2502 1491 2554 pendet,
1529 2503 1651 2555 quod

218 2568 275 2609 de
301 2563 357 2620 μὴ
384 2563 536 2619 εἰσίδῃς
562 2580 701 2620 aeque
729 2568 859 2610 valet.
