1815 3068
750 212 1008 249 ...47—

508 316 661 373 γνόντες
685 315 724 360 δ’
751 314 912 371 Ἀχαιοὶ
939 320 1067 370 ζῶντα
1094 321 1334 372 Πριαμιδῶν
1358 336 1449 361 τινα

512 388 676 440 Φρυγῶν
702 386 743 435 ἐς
768 382 866 427 αἶαν
894 379 1020 435 αὖθις
1047 382 1186 440 ἔρειαν
1212 383 1353 428 στόλον

508 448 686 495 κᾶπειτα
718 450 875 508 Θρῄκης
899 452 1026 495 πεδία
1052 451 1228 506 τρίβοιεν
1252 451 1349 495 τάδε

507 522 794 575 λεηλατοῖνεες,
822 518 995 574 γείτοσιν
1020 515 1063 561 δ’
1093 519 1155 575 εἷή
1181 519 1305 562 κακὸν

516 589 689 641 Τρώων,

269 666 382 708 Cum
412 666 619 709 Nauckio
658 668 961 709 coniunctivos
998 668 1043 708 in
1082 681 1122 707 v.
1155 670 1254 708 1139
1291 669 1340 708 in
1378 668 1594 720 optativos

163 735 298 775 muto.

349 801 391 851 β)
418 801 693 844 Indicativus
720 802 965 855 imperfecti
991 804 1145 843 exstat.

410 869 616 911 Acristus
642 870 690 911 in
717 870 941 912 enuntiato
969 869 1232 911 secundario
1259 869 1437 921 legitur:

266 944 333 985 El.
362 948 423 985 22.
454 949 516 995 26,
552 946 608 987 H.
627 946 655 987 f.
686 949 774 996 547,
814 946 886 987 Or.
911 948 1022 987 1668.

214 1021 297 1063 Rh.
326 1023 401 1064 291
474 1053 477 1056 »
590 1018 742 1074 θάμβει
771 1015 810 1063 δ’
840 1020 1100 1075 ἐκπλαγέντες
1126 1022 1232 1073 ἵεμεν

441 1086 618 1139 ποίμνας
642 1087 745 1141 πρὸς
772 1084 907 1142 ὄκρας,
933 1086 990 1143 μή
1015 1104 1078 1136 τις
1101 1083 1291 1142 ’Λργείων
1315 1086 1445 1139 μόλοι.

268 1164 382 1209 Cum
412 1167 460 1209 in
495 1166 622 1210 libris
657 1163 759 1221 μόλῃ
795 1167 982 1221 legatur,
1019 1162 1138 1218 μόλοι
1176 1167 1343 1222 scripsi.
1398 1166 1593 1209 Nuntius

162 1234 253 1274 iam
280 1235 363 1274 scit
387 1234 596 1285 Rhesum,
623 1248 713 1276 non
741 1235 935 1276 Graecos
962 1236 1145 1276 venisse.

269 1409 391 1459 Quae
418 1423 522 1452 cum
547 1412 610 1452 ita
636 1412 735 1463 sint,
762 1424 895 1453 usum
921 1411 1190 1453 coniunctivi
1208 1412 1252 1451 et
1265 1411 1448 1463 optativi
1474 1411 1595 1463 apud

163 1477 426 1530 Euripidem
450 1491 541 1518 non
566 1479 757 1520 multum
781 1479 956 1520 differre
976 1491 1004 1519 a
1021 1478 1266 1531 Sophocleo
1285 1480 1329 1518 et
1345 1478 1592 1529 Aeschyleo

163 1545 209 1585 in
237 1544 473 1586 enuntiatis
500 1544 709 1588 finalibus
736 1546 963 1588 concludo.

267 1621 387 1663 Nam
412 1622 462 1664 hi
487 1625 575 1664 tres
602 1626 756 1676 poetae

284 1704 316 1741 1.
355 1693 410 1748 ὥς
434 1701 699 1755 particulam
723 1703 898 1756 saepius
918 1714 1053 1756 quam
1070 1704 1238 1744 ceteras
1256 1704 1596 1755 usurpaverunt,

353 1781 455 1809 cum
488 1770 593 1810 Eur.
631 1770 781 1822 paullo
818 1771 963 1822 magis
1001 1783 1137 1822 quam
1168 1769 1328 1810 Aesch.
1370 1772 1413 1810 et
1449 1768 1596 1821 Soph.,

353 1834 485 1889 Soph.
511 1836 736 1890 aliquanto
754 1837 899 1890 magis
917 1849 1052 1891 quam
1070 1836 1229 1878 Aesch.
1258 1829 1312 1883 ὡς
1329 1835 1596 1890 praetulerit.

281 1917 316 1952 2.
354 1913 410 1964 μή
441 1914 586 1954 solum
616 1915 663 1954 in
696 1916 933 1955 enuntiatis
966 1915 1298 1955 adverbialibus
1324 1914 1474 1965 paullo
1501 1926 1597 1953 sae-

352 1980 452 2033 pius
493 1980 803 2032 adhibuerunt,
844 1992 980 2034 quam
1022 1976 1078 2033 μή
1124 1993 1227 2022 cum
1263 1979 1341 2028 ἵνα,
1380 1972 1448 2028 ὡς,
1487 1973 1598 2026 ὅπως

354 2049 649 2090 coniunctum.
699 2049 758 2089 Et
792 2049 973 2102 quidem
1010 2049 1130 2101 apud
1167 2049 1272 2090 Eur.
1310 2048 1401 2089 fere
1443 2048 1599 2089 eadem

354 2115 467 2157 ratio
476 2115 590 2157 inter
600 2115 710 2158 haec
730 2115 818 2157 duo
837 2117 1163 2158 enuntiatorum
1180 2127 1347 2168 genera
1356 2115 1599 2165 intercedit,

355 2195 468 2236 quae
496 2183 616 2236 apud
642 2182 774 2236 Soph.
803 2186 847 2225 et
871 2183 1032 2225 Aesch.

284 2262 319 2301 3.
359 2261 604 2314 optativum
638 2263 739 2315 post
763 2263 965 2315 tempora
990 2261 1239 2315 praeterita,
1277 2273 1379 2302 cum
1406 2272 1477 2302 res
1502 2262 1600 2300 tan-

354 2330 451 2369 tum
475 2331 712 2381 praeterita
738 2330 1041 2381 respiceretur,
1068 2331 1405 2381 usurpaverunt.

282 2407 317 2445 4.
358 2405 603 2458 optativum
627 2407 888 2459 posuerunt,
922 2417 1025 2447 cum
1058 2405 1277 2458 optativus
1303 2405 1351 2446 in
1378 2405 1604 2446 enuntiato

354 2472 495 2514 libero
521 2473 804 2514 inveniretur.
861 2472 950 2515 Sed
980 2473 1079 2514 fieri
1104 2475 1258 2526 potest,
1296 2474 1346 2513 ut
1371 2472 1474 2513 Eur.
1503 2473 1604 2525 post

356 2540 556 2581 notiones
583 2540 773 2594 optandi¹
792 2541 902 2583 coni.
931 2540 1197 2594 praetulerit.
1252 2539 1350 2581 Hoc
1377 2552 1467 2580 non
1494 2540 1603 2581 satis

357 2610 537 2649 constat.
