1815 3047
754 137 1013 176 -10-

159 248 302 289 tivum
328 248 498 301 positus
525 259 620 289 esse
649 248 837 299 videtur,
866 249 994 306 quia
997 248 1082 290 hoc
1101 261 1148 290 se
1166 261 1257 290 non
1283 251 1377 290 tam
1403 249 1604 291 futurum

158 315 436 368 praevidere,
482 327 619 369 quam
665 318 817 370 optare
860 297 1092 370 profitetur
1135 316 1315 369 Pythia,
1360 330 1442 370 pro
1487 312 1536 357 σύ
1560 308 1600 356 τ’

158 379 299 430 ἔχουσα
335 373 384 435 ᾗς
409 404 461 412 -
488 378 579 422 εἴθε
614 376 748 431 ἓ’χουσ’
787 378 882 433 εἰἠς.
934 382 1016 423 me
1055 383 1168 423 duas
1202 381 1481 436 structuras,
1488 397 1602 438 quae

157 450 295 491 menti
338 451 495 503 poetae
542 450 800 491 obversatae
840 445 938 499 sint,
982 449 1031 490 in
1076 460 1214 490 unam
1259 450 1466 492 confusas
1505 463 1600 493 esse

157 518 481 559 existimavisse
512 517 699 566 videtur,
729 516 849 568 quod
874 516 1057 557 minime
1086 517 1326 558 verisimile
1354 518 1470 567 est1).

347 631 389 681 β)
435 630 653 673 Praesens
679 629 913 672 indicativi
939 628 1006 668 ἵνα
1033 630 1272 683 praecedit.

214 713 364 765 Suppl.
398 715 471 752 176
532 708 660 763 σοφὸν
687 710 731 750 δὲ
757 708 902 750 πενίαν
928 703 966 749 τ’
988 709 1149 762 εἰσορᾶν
1174 708 1244 751 τὸν
1269 706 1417 762 ἷίλβιον,

534 774 690 831 πένητά
719 770 757 817 τ’
788 774 846 825 εἷς
871 774 966 826 τούς
990 775 1211 826 πλουσίους
1239 771 1492 831 ἀποβλέπειν

533 839 741 897 ζηλοῦνθ’,
768 839 821 883 ἵν’
852 839 973 884 αὐτὸν
997 842 1210 897 χρημάτων
1235 843 1334 895 ἔρως
1358 843 1438 898 ἔχῃ,

533 908 586 951 τά
603 905 644 951 τ’
667 908 809 964 οἰκτρὰ
834 909 927 959 τοὺς
951 909 1007 965 μὴ
1035 912 1238 962 δυστυχεῖς
1267 910 1504 965 δεδορκέναι.

261 996 496 1046 Adrastus,
516 1009 595 1037 rex
613 990 852 1047 Argorum,
873 996 994 1048 apud
1011 995 1184 1038 Thebas
1203 997 1348 1038 victus
1361 996 1458 1049 jam
1476 997 1601 1037 auxi-

156 1062 269 1104 lium
297 1075 325 1103 a
351 1062 517 1104 Theseo
544 1063 664 1116 petit,
702 1064 753 1103 ut
778 1062 976 1104 Thebani
1014 1063 1101 1104 sibi
1138 1076 1213 1105 eos
1252 1065 1329 1117 qui
1364 1063 1458 1105 illic
1491 1064 1601 1105 ceci-

159 1130 319 1172 derunt
363 1130 424 1171 ad
469 1130 773 1183 sepeliendum
822 1130 997 1172 tradere
1044 1133 1272 1182 cogantur.
1346 1130 1394 1173 Si
1437 1144 1479 1172 v.
1528 1133 1601 1172 166

159 1194 305 1242 πολιὸς
332 1190 431 1248 ἀνὴρ
448 1193 638 1248 τύραννος
656 1193 856 1246 εὐδαίμων
875 1193 1018 1248 πάρος,
1047 1210 1180 1250 quem
1196 1187 1457 1239 Dindorfius
1476 1198 1601 1239 dam-

160 1265 296 1316 navit,
323 1277 415 1306 non
440 1264 573 1318 plane
601 1264 779 1318 spurius
798 1267 874 1315 est,
903 1277 992 1306 vox
1016 1261 1163 1311 πολιός
1188 1265 1338 1319 inepta
1364 1264 1478 1307 mihi
1505 1276 1601 1307 esse

157 1333 352 1382 videtur,
380 1345 460 1384 pro
490 1345 580 1384 qua
605 1330 730 1383 πένης
755 1344 967 1384 propono,
997 1334 1158 1385 quippe
1187 1333 1307 1384 quod
1335 1346 1375 1373 v.
1404 1329 1602 1380 εὐδαίμων

157 1399 409 1453 oppositum
437 1399 501 1440 sit
549 1398 622 1441 Sic
642 1412 681 1440 v.
713 1396 866 1451 πένητα
894 1399 950 1450 (v.
972 1399 1065 1450 177)
1092 1398 1315 1441 Adrastus
1332 1399 1428 1453 ipse
1456 1399 1528 1441 vel
1544 1399 1598 1441 A.

156 1469 200 1508 et
226 1469 392 1507 matres
421 1479 534 1519 quae
563 1479 667 1507 eum
693 1467 926 1507 comitatae
954 1468 1058 1507 sunt
1083 1467 1391 1519 respiciuntur.
1430 1466 1599 1508 Versus

159 1537 231 1574 177
272 1546 334 1587 sq.
363 1536 514 1575 tamen
552 1533 862 1587 suppositicios
901 1545 996 1575 esse
1023 1533 1264 1575 verisimile
1304 1535 1386 1585 est,
1433 1546 1536 1575 cum
1574 1546 1602 1574 a

159 1614 293 1642 sensu
332 1602 409 1654 qui
435 1614 554 1642 nexu
592 1601 834 1654 requiritur
872 1601 1007 1642 alieni
1044 1602 1142 1642 sint.
1198 1601 1336 1642 Poeta
1370 1602 1509 1653 igitur
1536 1602 1600 1642 sic

155 1669 386 1722 Scripsisse
432 1668 609 1710 videtur
654 1664 780 1721 σοφὸν
825 1666 869 1707 δὲ
905 1664 1052 1707 πενίαν
1087 1661 1127 1706 τ’
1160 1665 1320 1719 εἰσορᾶν
1356 1664 1426 1707 τὸν
1464 1662 1602 1719 ὄλβιον

154 1732 206 1775 τά
223 1729 261 1774 τ’
284 1732 424 1787 οἰκτροὶ
451 1732 544 1783 τοὺς
568 1732 625 1789 μὴ
653 1735 856 1785 δυστυχεῖς
882 1733 1122 1788 δεδορκέναι,
1148 1736 1228 1781 ubi
1254 1732 1307 1775 τὰ
1334 1730 1474 1787 οἰκτρά
1502 1736 1602 1778 voci

155 1801 301 1842 πενίαν
338 1806 382 1845 et
418 1804 558 1845 verba
593 1799 686 1849 τούς
721 1800 777 1855 μὴ
815 1803 1017 1851 δυστυχεῖς
1055 1804 1256 1857 opposita
1296 1806 1400 1844 sunt
1425 1817 1496 1844 vv.
1534 1800 1602 1842 τὸν

156 1865 304 1921 ὄλβιον.
361 1871 482 1920 Quos
520 1883 677 1912 versus
716 1872 810 1921 (177
840 1872 921 1923 sq.)
958 1870 1267 1912 Kirchhoffius
1276 1871 1327 1923 ²),
1365 1870 1599 1913 Nauckius

157 1941 306 1979 autem
333 1952 405 1979 vv.
437 1940 642 1979 176-183
668 1938 862 1979 seclusit.

261 2006 315 2047 In
342 2005 439 2059 Iph.
466 2006 521 2046 A.
553 2008 629 2047 878
658 2004 1012 2059 Clytaemnestra
1039 2018 1190 2048 senem
1217 2019 1298 2048 cur
1319 2006 1599 2058 Agamemno

156 2074 298 2115 filiam
326 2086 455 2114 suam
480 2073 728 2115 interficere
754 2074 802 2114 in
830 2074 979 2114 animo
1007 2073 1170 2115 habeat
1195 2073 1266 2114 his
1291 2073 1439 2115 verbis
1465 2073 1600 2115 inter-

157 2144 287 2193 rogat
314 2139 359 2179 ἐκ
385 2138 494 2187 τίνος
514 2136 631 2192 λόγου
639 2157 652 2188 ,·
678 2137 741 2186 τίς
768 2132 888 2179 αὐτὸν
916 2134 1105 2191 οὑπάγων
1132 2133 1386 2191 ἇλαστόρων,·
1414 2140 1498 2182 Cui
1523 2140 1598 2182 ille
1645 2190 1648 2192 ¹

157 2209 396 2262 respondet

266 2335 289 2371 ¹)
326 2332 433 2366 Ceteri
454 2332 515 2364 loci
544 2332 601 2364 ubi
628 2332 838 2374 imperativus
864 2329 924 2365 ἵνα
952 2332 1116 2374 praecedit
1137 2332 1173 2364 hi
1196 2334 1287 2364 sunt:
1319 2331 1404 2365 And.
1427 2331 1497 2364 589.
1526 2331 1598 2368 843,

157 2384 273 2417 Bacch.
297 2385 370 2425 355,
392 2384 470 2417 Hec.
495 2384 587 2425 1125,
615 2383 687 2416 Hel.
711 2384 781 2416 870.
813 2384 885 2417 995.
914 2383 1005 2422 1416,
1032 2384 1083 2417 El.
1111 2384 1182 2416 292.
1210 2383 1282 2423 999,
1309 2383 1352 2415 Η.
1368 2383 1390 2416 f.
1413 2383 1485 2424 245,
1506 2382 1536 2415 J.
1560 2383 1597 2415 A.

159 2437 229 2470 117.
253 2437 325 2470 320.
350 2437 441 2469 1009.
474 2436 565 2477 1239,
592 2436 622 2469 J.
646 2434 684 2468 T.
707 2436 779 2475 547,
807 2435 880 2469 Jon.
904 2435 996 2477 1267,
1024 2435 1110 2479 0501.
1139 2436 1189 2469 94.
1211 2435 1284 2476 346,
1312 2434 1367 2469 ot.
1392 2434 1482 2468 1443.
1507 2435 1598 2477 1628,

158 2489 213 2524 Tr'
238 2491 365 2583 1231&
389 2540 665 2576 MDCCCLXVII.
