1815 3068
764 175 1024 213 -19-

172 276 231 329 ὡς
254 276 521 333 particulam
546 277 594 318 in
621 276 994 318 enuntiationibus
1021 263 1230 318 finalibus
1263 276 1475 328 sequitur,
1503 287 1609 316 enu-

174 344 345 392 meravi
370 343 485 395 (Alc.
514 346 576 395 74,
603 342 720 386 Med.
751 344 864 395 1315,
890 342 1022 385 Herc.
1040 343 1068 384 f.
1092 344 1219 395 1218),
1247 344 1326 397 qui
1350 344 1491 385 metro
1518 354 1608 383 non

171 413 375 455 obstante
395 411 558 463 corrigi
574 413 770 464 possunt.
826 409 1042 451 Omnibus
1061 411 1216 452 ceteris
1233 411 1343 452 locis
1354 410 1397 461 ¹),
1426 412 1607 463 excepto

172 479 249 521 illo
278 490 411 531 quem
437 489 573 531 supra
595 477 879 519 laudavimus
906 476 1088 528 (Bacch.
1118 477 1226 527 784),
1262 489 1351 518 non
1378 478 1445 518 est
1471 488 1609 518 causa

169 557 254 587 cur
279 544 391 587 coni.
418 545 606 598 intelligi
630 556 722 586 non
747 544 896 597 possit.

276 612 371 665 Iph.
399 612 453 652 A.
486 614 589 653 1594

474 674 621 731 ταύτην
645 674 824 728 μάλιστα
850 678 921 730 τῆς
945 673 1065 730 κόρης
1092 670 1330 725 ἀσπάζεται,

471 739 525 792 ὥς
550 746 604 798 μὴ
630 741 755 797 μιάνῃ
782 741 918 795 βωμὸν
944 743 1091 796 εὐγενεῖ
1117 738 1237 797 φόνῳ.

265 829 389 891 μιάνῃ
415 834 464 874 in
490 845 640 886 apogr.
669 833 770 874 Par.
794 833 969 885 legitur,
998 845 1102 874 cum
1120 833 1248 874 codd.
1266 834 1307 873 B
1334 835 1377 874 et
1407 833 1443 873 0
1463 829 1603 882 μιάνοι

170 903 422 955 praebeant.
476 900 564 943 Hic
591 902 716 943 locus
743 901 1037 954 supplementi
1054 901 1380 954 interpolatoris
1400 903 1476 952 est,
1497 913 1603 954 quo-

168 969 291 1010 circa
315 968 674 1021 praetereundus.

357 1056 398 1107 γ)
425 1056 645 1098 Futurum
669 1056 934 1109 particulam
961 1049 1015 1102 ὥς
1041 1056 1279 1109 praecedit.

220 1132 288 1174 Tr.
312 1136 411 1175 1153
465 1125 554 1171 ἀλλ’
584 1125 666 1182 εἶμ’
697 1127 859 1184 ὀρυκτὸν
883 1126 980 1185 τῷδ’
1011 1126 1240 1185 ἀναρρήξων
1264 1128 1407 1185 τάφον,

461 1194 515 1247 ὦς
542 1193 703 1251 σύντομ’
732 1194 829 1254 ἡμῖν
853 1193 955 1240 τάπ’
985 1198 1083 1250 ἐμοῦ
1108 1214 1151 1240 τε
1176 1192 1289 1240 κάπό
1316 1200 1390 1239 σοῦ

461 1265 518 1313 εἷς
544 1264 585 1306 ἓν
611 1261 851 1314 ξυνελθόντ’“
869 1261 1000 1306 οἴκαδ’
1032 1261 1184 1319 ὁρμήσῃ
1211 1263 1380 1319 πλάτην.

272 1354 492 1407 Reiskius,
530 1354 776 1407 Nauckius‚
803 1355 1110 1397 Kirchhoffius
1140 1349 1292 1408 ὁρμήσῃ
1319 1354 1416 1396 loco
1463 1356 1600 1408 scrip-

165 1425 294 1464 turae
322 1423 417 1464 cod.
449 1423 487 1463 B
512 1416 657 1475 ὃρμίσῃ
684 1425 727 1464 ct
758 1423 884 1464 codd
911 1423 961 1474 B,
990 1422 1038 1474 C,
1068 1422 1109 1464 G
1135 1416 1302 1475 ὁρμήσει
1327 1425 1597 1476 receperunt.

165 1489 333 1531 Forma
359 1490 493 1531 verbi
512 1483 637 1541 ὁρμᾶν
672 1491 929 1543 requiritur3
968 1502 1122 1531 sensus
1160 1491 1279 1531 enim
1316 1492 1397 1530 est:
1435 1492 1485 1530 ut
1510 1503 1601 1531 una

165 1569 327 1598 navem
346 1557 529 1597 domum
545 1557 858 1610 propellamus,
884 1570 992 1598 non:
1021 1557 1322 1598 subducamus
1341 1559 1384 1598 et
1405 1557 1599 1610 appella—

164 1636 263 1664 mus
292 1617 507 1674 (ὁρμίζειν).
563 1623 667 1665 Sine
694 1624 829 1665 dubio
858 1625 970 1665 coni.
998 1624 1143 1664 forma
1169 1624 1405 1665 scribenda
1430 1626 1507 1666 est.

350 1711 393 1762 δ)
419 1712 474 1752 In
500 1712 726 1752 enuntiato
753 1711 893 1753 libero
920 1712 1164 1764 perfectum
1191 1714 1345 1753 exstat.

236 1788 308 1831 Tr.
330 1791 379 1830 58
431 1785 534 1841 πρὸς
561 1785 633 1842 σὴν
661 1782 838 1842 ἀφῖγμαι
865 1784 1041 1839 δύναμιν,
1070 1782 1124 1836 ὦς
1150 1785 1286 1842 κοινὴν
1311 1785 1436 1840 λάβω.

268 1866 513 1908 Consilium
540 1868 586 1908 in
613 1868 833 1920 praesenti
859 1879 953 1908 esse
981 1869 1327 1908 consentaneum
1353 1870 1430 1908 est.

347 1954 384 2004 ε)
411 1953 465 1994 In
491 1954 716 1994 enuntiato
743 1954 882 1995 libero
910 1955 1019 1995 coni.
1040 1954 1355 1995 deliberativus
1382 1957 1537 1996 exstat.

266 2030 308 2072 J.
335 2030 379 2071 T.
411 2032 511 2072 1216
565 2033 636 2069 Ia).
664 2024 827 2082 ἅγνισον
852 2031 994 2083 πυρσῷ
1020 2027 1236 2083 μελάθρον.

554 2098 634 2138 ΘΟ.
661 2094 847 2150 καθαρὸν
873 2092 927 2145 ὡς
952 2094 1078 2151 μόλῃς
1103 2094 1231 2137 πάλιν
1238 2116 1251 2147 ,·

263 2175 386 2217 Coni.
415 2169 564 2227 ἆγνίσω
608 2177 941 2218 subaudiendus
985 2179 1060 2219 est.
1115 2171 1263 2228 ἆγνίσω
1306 2174 1490 2228 καθαρὸν
1533 2170 1588 2222 ὡς

148 2237 282 2295 μόλῃς
306 2238 454 2292 mim,-

341 2320 448 2362 Hec.
479 2323 528 2363 87
582 2321 666 2361 ποῦ
691 2335 794 2361 ποτε
819 2319 940 2361 θείαν
962 2315 1117 2362 Ἑλένου
1144 2319 1278 2374 ψυχὰν

475 2391 526 2430 88
579 2387 651 2428 καὶ
677 2386 918 2441 Κασάνδραν
944 2387 1075 2439 ἐσίδω,
1109 2386 1299 2442 Τρῳάδες,

472 2458 522 2497 89
576 2450 630 2503 ὥς
654 2471 726 2507 μοι
751 2454 939 2509 κρίνωσιν
966 2450 1155 2509 ὃνείρους,·

257 2581 280 2620 ¹)
302 2579 365 2613 Sed
387 2580 426 2612 cf.
448 2579 500 2613 Tr.
525 2581 604 2614 1155
626 2581 717 2614 insta.
