1815 3047
793 118 1053 157 -28-

201 231 318 271 rium
344 231 530 271 vocatur
556 229 749 282 pendere
777 229 862 271 hoc
887 230 1232 283 demonstratur,
1260 230 1381 285 quod
1406 230 1507 284 post
1533 231 1641 272 tem-

199 309 311 350 pora
335 297 574 349 praeterita
592 297 814 349 optativus
840 309 982 350 paene
1000 309 1176 350 semper
1201 300 1355 339 exstat.
1401 297 1452 339 E.
1471 309 1512 350 g.
1540 295 1637 338 Hel.

203 366 304 405 1672
329 359 385 416 μὴ
412 358 546 415 Πάρις
571 358 710 418 γήμειέ
738 376 792 404 σε.
842 363 1021 406 Removit
1047 368 1084 405 te
1109 357 1272 417 (ὥρισέν
1289 363 1361 417 σε),
1388 378 1438 407 ne
1459 364 1578 407 Paris
1602 368 1639 406 te

197 434 242 471 in
262 423 560 472 Matrimonium
586 432 751 472 duceret.
806 431 964 485 Neque
994 433 1041 473 in
1073 431 1161 473 hoc
1192 433 1388 485 optativo
1415 433 1641 474 notionem

198 498 382 552 optandi
407 499 553 541 inesse
580 501 699 541 recte
727 498 817 541 dici
841 500 1001 554 potest3
1033 511 1116 543 ⁴cur
1149 499 1270 542 enim
1305 501 1407 554 post
1438 501 1640 554 tempora

197 568 437 618 praeterita
461 570 555 608 tam
581 579 713 619 saepe
739 568 982 620 percipitur
1007 567 1119 611 haec
1145 568 1266 608 notio
1294 568 1502 620 optandi?

293 632 384 676 Sed
395 634 727 675 coniunctiones
738 634 785 675 in
797 633 1035 675 enuntiatis
1045 633 1246 687 positivis
1257 634 1533 676 necessariae
1546 633 1637 676 fac-

195 703 267 741 tae
286 703 402 752 sunt,
422 703 692 755 quapropter
709 701 787 749 ῒνα,
807 695 871 749 ὡς,
892 694 1016 749 ὅπως,
1035 701 1218 743 inventa
1235 703 1349 752 sunt,
1369 711 1484 754 quae
1501 702 1638 755 parti·

185 768 323 809 culae
349 770 399 809 ut
425 780 563 822 supra
590 768 760 810 dictum
787 770 864 820 est,
891 768 1016 822 prius
1044 767 1260 811 adverbia
1283 767 1470 810 fuerant.
1522 767 1634 811 Cum

194 836 281 877 hae
300 837 625 877 enuntIationes
643 837 859 889 positivae
878 839 1000 877 ortae
1018 838 1175 885 essent,
1199 848 1255 877 ex
1273 837 1336 877 eis
1352 826 1484 877 facile
1500 848 1641 889 nega-

193 904 313 946 tivae
341 902 559 946 formatae
588 905 702 955 sunt,
733 905 784 945 ut
812 902 901 945 duo
920 916 986 945 en.
1017 903 1328 957 negativorum
1355 903 1639 946 inveniantur

194 984 371 1023 genera.
426 972 595 1012 Eodem
625 972 759 1012 modo
785 967 843 1021 μή
869 984 925 1012 ex
952 972 1206 1013 notionibus
1232 972 1419 1013 timendi
1443 972 1636 1025 pendere

195 1039 341 1091 coepit
366 1039 445 1080 ubi
472 1030 517 1077 οὗ
546 1038 743 1089 additur,
777 1039 816 1079 si
841 1038 962 1079 notio
989 1039 1199 1089 negativa
1225 1038 1517 1091 exprimenda
1540 1038 1634 1079 fuit.

298 1117 330 1158 J
330 1129 404 1157 am
429 1128 639 1157 numeros
666 1116 868 1157 locorum
896 1116 1097 1166 afferam,
1132 1118 1181 1156 ut
1210 1115 1454 1168 particulas
1479 1116 1636 1157 finales

194 1196 298 1224 cum
323 1179 380 1235 μή
403 1183 633 1236 copulatas
651 1183 868 1236 paulatim
886 1195 966 1236 pro
985 1178 1042 1235 μή
1060 1183 1320 1224 substitutas
1339 1194 1435 1224 esse
1454 1183 1635 1225 demon-

194 1251 379 1301 strem¹).

297 1323 434 1377 Apud
461 1322 721 1374 Homerum,
749 1322 1009 1374 Hesiodum,
1037 1325 1189 1376 poetas
1216 1322 1380 1376 lyricos
1406 1320 1462 1376 μή
1490 1323 1635 1378 30111111

187 1391 300 1432 10013
329 1391 537 1442 CXXXI,
565 1386 626 1443 μή
655 1403 758 1432 011111
779 1393 890 1444 part
910 1391 985 1432 fin.
1015 1392 1301 1432 coniunctum
1318 1390 1368 1441 L,
1397 1391 1518 1444 apud
1543 1392 1633 1432 tra-

187 1459 313 1511 gicos
340 1459 455 1500 illud
482 1458 692 1509 LXXVI,
719 1458 806 1500 hoc
825 1457 935 1500 LIX
959 1458 1070 1499 locis
1097 1458 1324 1511 reperitur
1379 1457 1434 1499 In
1460 1458 1632 1500 Aristo-

186 1525 349 1579 Phanis
388 1526 629 1567 comoediis
666 1526 780 1567 ratio
819 1527 886 1566 est
923 1527 947 1566 8
973 1540 982 1565 ε
1009 1528 1071 1576 55,
1109 1525 1158 1566 in
1194 1524 1390 1566 historiis
1416 1524 1633 1566 Herodoti

187 1596 211 1634 8
231 1609 241 1634 :
262 1597 325 1645 53,
354 1607 458 1636 cum
484 1594 606 1647 apud
633 1594 871 1646 scriptores
899 1593 1110 1634 orationis
1139 1593 1308 1634 solutae
1335 1593 1507 1634 Atticos
1534 1593 1630 1643 (ex-

185 1662 325 1715 ceptis
352 1661 539 1703 Platone
559 1663 603 1702 et
619 1659 935 1714 Xenophonte)
957 1655 1014 1712 μή
1033 1660 1179 1701 30111111
1197 1672 1300 1701 raro
1321 1661 1471 1701 exstet.
1511 1658 1631 1701 Nam

183 1729 468 1782 Thucydides
496 1729 544 1770 id
571 1729 681 1770 locis
708 1728 776 1770 IV
802 1729 875 1786 vel
902 1728 957 1777 V,
986 1728 1141 1769 decem
1169 1730 1365 1769 oratores
1392 1727 1471 1779 IV,
1499 1727 1627 1768 Plato

183 1796 355 1846 XXIV,
382 1795 634 1849 Xenophon
661 1794 755 1836 XII
781 1796 1120 1848 usurpaverunt.

287 1864 342 1905 In
382 1864 621 1905 enuntiatis
664 1863 818 1905 liberis
855 1862 1137 1916 prohibitivis
1174 1863 1464 1916 imperativus
1500 1874 1627 1916 prae-

183 1932 319 1973 sentis
358 1931 430 1972 vel
469 1931 777 1972 conjunctivus
812 1930 965 1971 aoristi
992 1930 1214 1971 secundae
1239 1942 1456 1983 personae
1481 1931 1628 1983 requi-

182 1999 305 2039 ritur.
361 1998 411 2039 E.
442 2010 482 2050 g.
531 1994 588 2049 μὴ
615 1994 729 2037 ποίει
755 1997 872 2036 τοῦτο
900 1997 973 2038 vel
997 1993 1054 2049 μὴ
1081 1993 1270 2049 ποιήσῃςι
1284 1997 1414 2036 τοῦτο.
1470 1996 1518 2039 Si
1543 1997 1627 2048 igi-

180 2068 255 2106 tur
281 2078 348 2106 en.
362 2065 647 2115 prohibitivum
663 2059 719 2117 μή
736 2064 1003 2117 particulam
1022 2076 1197 2117 semper
1215 2065 1483 2117 sequeretur,
1513 2064 1623 2105 coni.

179 2133 427 2186 praesentis
453 2132 604 2174 locum
631 2144 721 2173 non
746 2131 941 2173 haberet.
990 2130 1081 2173 Sed
1107 2131 1229 2186 apud
1254 2130 1502 2173 Homerum
1529 2143 1625 2184 sep-

179 2201 274 2250 ties,
302 2200 424 2253 apud
443 2199 720 2251 Aeschylum
748 2199 896 2249 semel,
925 2198 1047 2251 apud
1065 2198 1330 2251 Sophoclem
1349 2199 1417 2239 bis
1436 2211 1626 2249 praesens

178 2268 404 2310 invenitur
412 2267 443 2317 2)
495 2265 556 2307 Ut
581 2278 714 2307 usum
740 2265 1035 2319 Euripideum
1060 2266 1316 2316 monstrem,
1343 2276 1553 2318 praesens
1581 2266 1626 2305 et

179 2336 395 2377 aoristum
422 2333 694 2376 coniunctivi
720 2332 839 2374 infra
865 2333 1106 2386 separatim
1131 2332 1344 2374 tractabo.

286 2481 308 2522 ¹)
331 2480 378 2514 Cf.
403 2479 569 2513 Goodwin.
591 2479 614 2512 1.
635 2479 657 2512 1.
680 2489 711 2521 p.
736 2478 806 2511 112.

283 2533 309 2571 ²)
332 2531 379 2564 Cf.
403 2530 532 2563 Weber.
554 2531 575 2563 l.
599 2530 620 2563 1.
642 2540 697 2572 pp.
720 2530 769 2563 27.
794 2530 843 2562 79.
868 2529 918 2561 86.
