1815 3047
611 663 777 722 Vita
814 664 1211 737 scriptoris.

293 851 438 892 Natus
477 864 577 893 sum
620 852 886 893 Franciscus
926 853 1129 894 Johnson
1167 852 1478 895 Olarksvffliae
1514 851 1626 895 Ten-

187 919 490 960 nesseensium
507 919 578 960 die
597 918 640 958 V
658 931 715 959 m.
735 919 996 961 Decembris
1015 932 1053 960 a.
1072 919 1373 964 MDCGGLII.
1411 919 1626 961 Parentes

187 985 452 1035 carissimos,
465 985 722 1038 Augustum
740 988 784 1027 et
794 985 1046 1028 Susannam
1063 999 1087 1028 e
1106 989 1236 1038 gente
1253 980 1450 1039 Dryden,
1470 998 1623 1040 super-

185 1054 307 1093 stites
335 1065 431 1093 esse
464 1053 651 1104 gaudeo.
679 1048 833 1094 ‘Fidei
859 1053 1064 1094 addictus
1098 1062 1197 1094 su'm
1225 1052 1513 1094 Christianae.
1568 1054 1622 1094 A.

185 1119 570 1162 MDCCCLXXH
619 1119 940 1172 Lexingtoniae
989 1120 1391 1161 Kentuckiensium
1434 1132 1623 1161 examen

187 1187 490 1239 compluribus
522 1188 570 1227 in
603 1187 849 1240 disciplinis
882 1188 1082 1229 sustinui.
1144 1188 1257 1229 Cum
1290 1188 1418 1229 annis
1451 1187 1493 1227 V
1524 1190 1626 1240 post

185 1254 384 1295 Berolini
421 1254 585 1295 scholis
622 1266 797 1296 menses
834 1267 1000 1307 paucos
1037 1255 1351 1306 interfuissem,
1393 1256 1440 1295 in
1479 1255 1628 1308 patria

185 1334 288 1363 mea
326 1321 605 1374 aliquantum
642 1323 853 1374 temporis
884 1322 1043 1363 ludum
1074 1322 1322 1363 litterarum
1351 1322 1623 1372 habuissem,

187 1400 326 1430 unum
353 1400 522 1430 annum
547 1389 595 1430 in
618 1389 851 1440 gymnasio
869 1388 1239 1431 Hokinsvilliensi
1264 1389 1625 1430 mathematicam

187 1455 329 1497 docui.
394 1454 598 1508 Denique
635 1455 895 1497 Berolinum
938 1468 975 1497 a.
1014 1454 1463 1498 MDCCCLXXXIX
1498 1455 1623 1497 redii.

186 1522 256 1563 Ex
284 1534 372 1574 quo
400 1525 597 1574 tempore
626 1523 736 1564 civis
762 1522 828 1564 fui
852 1523 1151 1564 universitatis
1174 1522 1427 1565 Fridericae
1455 1521 1626 1565 Guilel-

187 1601 299 1631 mae.
365 1588 453 1631 Hic
500 1601 573 1631 me
624 1589 870 1631 docuerunt
916 1589 1002 1631 viri
1044 1589 1387 1642 praeclarissimi
1428 1589 1625 1641 Curtius,

186 1655 324 1706 Diels,
351 1654 659 1707 Ebbinghaus,
686 1654 933 1706 Kirchhoff,
960 1655 1169 1706 KoeMer,
1197 1655 1406 1705 Paulson,
1433 1654 1627 1706 Vahlen,

187 1723 341 1764 Zeller.
398 1724 473 1764 Ad
511 1724 847 1764 exercitationes
885 1735 989 1764 suas
1015 1722 1307 1776 philologicas
1334 1723 1404 1764 vir
1431 1722 1627 1764 clarissi-

186 1803 288 1831 mus
331 1791 457 1831 Diels
504 1791 674 1831 aditum
718 1791 830 1831 mihi
872 1803 952 1843 per
994 1803 1134 1831 unum
1179 1792 1387 1831 semestre
1432 1790 1623 1841 benigne

188 1859 416 1899 concessit.
473 1857 645 1907 Quibus
672 1858 780 1898 viris
818 1858 1023 1898 omnibus
1062 1858 1223 1909 optime
1262 1857 1316 1898 de
1352 1870 1423 1898 me
1449 1857 1625 1897 meritis

189 1925 356 1977 gratias
385 1936 471 1976 ago
499 1937 635 1977 quam
662 1925 894 1965 maximas.

319 1992 546 2046 Imprimis
601 2004 706 2033 vero
763 1991 1011 2033 Hei-manni
1064 1991 1211 2043 Diels,
1272 1992 1348 2050 qui
1395 1990 1627 2032 beneficiis

189 2060 397 2101 maximis
423 2072 495 2101 me
524 2060 775 2110 obstrinxit,
807 2060 1069 2100 memoriam
1102 2060 1246 2101 colere
1278 2071 1522 2112 numquam
1550 2059 1628 2099 de—

190 2139 346 2169 slnam.

462 2590 550 2623 'rypis
567 2592 771 2623 expresserunt
789 2590 928 2618 Gressner
943 2591 974 2618 et
991 2589 1150 2623 schramm,
1168 2589 1339 2623 Lipsienses.
