1815 3068
780 186 1039 225 -33-

381 297 424 349 ὁ)
462 297 679 342 Praesens
705 297 982 349 historicum,
1021 297 1142 351 quod
1169 300 1369 349 vocatur,
1407 298 1474 336 ἵνα
1501 309 1627 351 prae-

464 365 591 408 cediiz.

297 432 357 475 Ut
384 433 503 485 apud
530 432 641 474 'alios
665 433 902 485 scriptores
913 434 953 483 ¹),
981 433 1044 473 ita
1069 434 1115 473 in
1133 433 1359 485 Euripidis
1386 432 1627 485 tragoedjjs

192 501 415 553 optativus
451 512 661 553 praesens
698 499 797 545 hist.
836 500 884 540 in
918 500 1153 544 enuniziazis
1180 499 1389 541 finalibus
1416 501 1624 553 sequitur.

191 567 279 609 Hic
306 568 550 620 praesentis
576 572 685 608 usus
711 579 855 619 neque
874 566 994 619 apud
1010 566 1258 610 Homerum
1276 579 1417 619 neque
1434 568 1482 607 in
1498 567 1625 608 fabu-

191 635 248 676 lis
274 634 533 686 Aeschyleis
560 634 631 675 vel
657 633 994 686 Aristophaneis
1019 634 1254 683 invenstm,
1282 646 1385 674 oum
1412 646 1499 674 uno
1526 634 1624 675 loco

192 702 317 755 apud
340 701 604 755 Sophoclem
630 712 838 754 praesens
865 700 964 744 hist.
993 701 1201 758 01151012),

295 769 530 822 Euripides
556 780 766 821 praesens
791 767 892 809 hist.
921 769 991 810 bis
1024 769 1256 820 usurpavit
1295 771 1396 809 ante
1433 770 1624 821 particu-

190 836 282 879 lam
309 836 375 875 ἳνα
401 831 468 887 μή,
497 836 675 877 omnino
703 848 793 877 non
820 837 921 877 ante
948 835 1027 874 ἵνα.

378 915 423 964 b)
452 926 479 954 a
504 913 576 953 ἵνα
602 909 668 966 μή.

376 981 419 1030 α)
457 981 662 1022 Aoristus
690 980 757 1019 ἵνα
783 976 839 1033 μή
866 981 1107 1034 praecedit:

456 1048 573 1090 And.
603 1050 691 1100 225,
717 1049 757 1090 J.
786 1049 839 1090 A.
869 1051 945 1089 709
974 1048 1041 1098 (of.
1070 1048 1125 1089 H.
1155 1061 1193 1099 a,
1222 1050 1276 1099 α).

376 1117 418 1165 β)
455 1116 768 1168 Imperfectum
778 1117 826 1156 in
837 1116 1062 1157 enuntiato
1074 1116 1213 1156 libero
1226 1118 1384 1156 exstat:
1407 1116 1518 1167 frag.
1532 1118 1619 1156 392.

382 1183 419 1233 y)
458 1182 675 1224 Praesens
701 1181 801 1223 hist.
821 1181 888 1220 ἵνα
906 1177 962 1234 μή
979 1182 1220 1234 praecedit:
1247 1181 1354 1223 Hec.
1378 1185 1436 1222 12.
1470 1183 1621 1232 114113)

377 1250 415 1298 0)
455 1262 483 1290 a
509 1243 563 1295 ὡς
595 1250 815 1302 particula
845 1252 945 1302 post
981 1251 1181 1303 tempora
1216 1251 1463 1302 praeterita.

377 1318 418 1367 α)
457 1316 731 1358 lndjcativus
760 1317 913 1359 aoristi
938 1317 985 1358 in
1013 1317 1237 1358 enuntiato
1264 1317 1403 1359 libero
1431 1319 1584 1359 exstat.

293 1404 360 1446 De
387 1405 428 1446 J.
457 1405 510 1446 A.
543 1408 613 1445 171
644 1405 740 1446 ef.1
758 1418 782 1446 0
810 1405 911 1453 (sub
930 1398 984 1451 ὡς
1009 1398 1087 1454 ἄν),
1115 1405 1194 1446 ubi
1216 1407 1368 1449 tamen
1386 1406 1621 1447 consilium

188 1471 352 1513 durare
379 1472 565 1521 videbar.

238 1538 278 1579 J.
307 1538 361 1578 A.
389 1542 466 1579 422
794 1535 852 1584 εἷς
876 1536 921 1577 δὲ
948 1534 1148 1588 λειμώνων
1171 1536 1290 1590 χλόην

519 1606 715 1654 καθεῖμεν
740 1598 875 1653 αὐτάς,
902 1598 957 1652 ὥς
982 1605 1104 1656 βορᾶς
1129 1602 1353 1656 γευσαίατο.

291 1682 379 1724 Hic
405 1682 529 1723 locus
555 1682 882 1736 interpolatoris
909 1686 984 1724 est.

240 1760 391 1814 Suppl.
420 1763 495 1803 201
552 1757 653 1800 αἰνῶ
678 1753 760 1807 δ’ὃς
785 1754 880 1813 ἡμῖν
906 1757 1042 1810 βίοτον
1067 1758 1112 1800 ἐκ
1136 1759 1386 1813 πεφυρμένου

425 1830 502 1869 202
554 1825 625 1866 καὶ
652 1826 879 1880 θηριώδους
904 1827 1013 1867 θεῶν
1039 1827 1378 1880 διεσταθμήσατο,

425 1898 500 1937 206
555 1925 875 1944 ......
903 1888 957 1942 ὥς
981 1892 1034 1934 τά
1060 1893 1092 1935 τ’
1121 1893 1166 1935 ἑκ
1192 1892 1311 1947 γαίας
1337 1894 1476 1949 τρέφοι

424 1965 499 2004 207
555 1956 670 2013 ἄρδοι
696 1975 738 2000 τε
764 1962 880 2014 νηδύν
933 1991 1336 2001 .......

423 2032 500 2073 209
553 2027 702 2070 πόντου
727 2044 770 2070 τε
795 2022 1104 2083 ναυστολήμαθ’,
1133 2023 1186 2078 ὦς
1212 2027 1433 2084 διαλλαγὰς

556 2097 711 2147 ε’χοιμεν
736 2093 966 2149 ἀλλήλοισιν
992 2112 1047 2136 ων
1072 2096 1237 2137 πένοιτο
1263 2099 1322 2149 γῆ.

287 2176 339 2217 In
379 2190 416 2216 v.
455 2175 531 2217 206
575 2188 637 2229 sq.
682 2189 763 2229 pro
808 2177 1037 2229 scripturis
1083 2176 1209 2219 codd.
1255 2174 1392 2232 τρέφῃ
1424 2180 1467 2219 et
1511 2171 1611 2232 α’ρδῃ

182 2243 415 2285 Nauckius
458 2245 501 2284 et
531 2243 838 2285 Kirohhoffius
875 2238 1165 2296 τρέφοι-ἄρδοι
1204 2245 1491 2297 scripserunt,
1530 2247 1611 2286 etsi

179 2310 363 2352 effectus
391 2323 556 2361 eorum,
585 2323 698 2363 quae
717 2312 825 2352 deus
848 2311 963 2362 fecit,
990 2312 1122 2353 etiam
1139 2312 1185 2354 in
1204 2313 1452 2364 praesentia
1469 2315 1608 2365 perci-

290 2446 312 2484 ¹)
334 2443 516 2480 Herodotus
538 2446 572 2477 et
591 2443 694 2479 Thuc.
715 2447 824 2478 tamen
845 2445 1078 2482 coniunctium
1092 2445 1300 2482 adhibebant.
1335 2445 1383 2479 Cf.
1399 2446 1515 2480 Weber
1525 2451 1607 2490 part.

179 2497 206 2537 Ι,
228 2507 259 2539 p.
284 2496 341 2529 131
364 2497 398 2528 et
418 2497 502 2537 part.
523 2495 566 2536 Π,
586 2507 617 2538 p.
640 2496 660 2529 8
681 2507 729 2539 sq.
800 2534 803 2537 ¹

285 2548 312 2586 ²)
331 2545 381 2580 Cf.
402 2546 526 2579 Weber.
549 2547 571 2579 1.
594 2547 615 2579 1.
637 2558 668 2590 p.
691 2548 731 2581 27
753 2558 812 2590 sq„
833 2558 865 2590 p.
887 2548 928 2581 80
949 2558 1006 2590 πᾳ,
1028 2558 1058 2590 p.
1081 2548 1132 2586 93,
1155 2558 1185 2590 p.
1210 2548 1270 2581 118
1292 2558 1338 2590 sq.

285 2598 311 2639 ³)
333 2598 395 2632 His
414 2598 493 2631 locis
513 2609 662 2641 praesens
683 2599 767 2632 idem
791 2599 874 2642 quod
895 2599 1035 2637 aoristus
1056 2600 1151 2633 valet.

1400 2653 1421 2685 3
