1815 3047
370 250 409 301 y)
448 249 724 290 Indieativus
749 249 994 302 praesentis
1021 248 1257 303 praecedit.

447 320 479 357 1.
519 317 630 358 coni.
661 317 814 358 aoristi
841 318 994 358 exstat.
1007 317 1035 366 ¹)

443 388 480 425 2.
521 385 632 426 coni.
661 385 907 438 praesentis
933 396 1023 425 non
1050 384 1284 425 invenitur.

371 472 410 522 δ)
450 472 573 513 Coni.
604 472 913 513 adhortativus
938 471 994 523 μή
1020 472 1256 524 praeeedit.

451 564 484 602 1.
514 561 626 602 coni.
657 561 811 601 aoristi
836 562 990 602 exstat.

316 638 357 677 J.
388 638 441 677 A.
471 640 550 677 600
603 637 673 687 τὴν
697 633 910 686 βασίλειαν
936 629 1128 685 δεξώμεθ’
1159 630 1259 683 ὄχων

601 696 688 743 ἄπο
714 703 770 756 μὴ
797 702 1003 756 σφαλερῶς
1028 701 1102 742 ἐπὶ
1129 704 1261 755 γαῖαν,

606 765 764 822 ἇγανῶς
790 770 834 809 δὲ
859 771 992 821 χεροῖν
1019 770 1184 823 μαλακῇ
1210 770 1353 823 γνώμῃ,

603 838 658 891 μὴ
684 837 864 891 ταρβήσῃ
891 835 1033 878 νεωστί
1058 852 1129 889 μοι
1156 837 1279 889 μολὸν

606 906 759 944 κλεινὸν
784 904 918 944 τέκνον
943 901 1247 957 Ἀγαμέμνονος.

287 992 567 1033 Crediderim
610 993 692 1033 hos
738 1007 808 1033 vv.
848 995 1065 1044 genuinos
1103 1006 1215 1043 esse,
1261 995 1342 1034 esssi
1378 993 1622 1042 Nauckius,

181 1069 231 1111 L.
260 1069 522 1111 Dindorfius
550 1082 625 1111 eos
654 1070 879 1111 damnant.
890 1072 920 1119 ²)

435 1160 469 1197 2.
511 1158 622 1198 coni.
652 1159 897 1210 praesentis
925 1160 1078 1199 exstat.

284 1236 352 1276 Jo.
387 1238 485 1275 1551
541 1235 753 1285 φεύγωμεν,
782 1231 814 1272 ὦ
840 1240 1019 1282 τεκοῦσα,
1048 1232 1104 1287 μὴ
1130 1232 1182 1273 τά
1210 1235 1410 1284 δαιμόνων

542 1294 699 1353 ὁρῶμεν,
728 1298 765 1341 εἰ
790 1302 845 1355 μὴ
871 1301 1012 1354 καιρός
1038 1294 1129 1342 ἐσθ’
1158 1295 1265 1355 ἡμᾶς
1293 1295 1398 1354 ἕρᾶν.

372 1389 405 1440 ε)
443 1389 497 1441 μή
525 1403 580 1431 ex
608 1391 744 1431 verbo
773 1391 990 1435 enuntiati
1017 1390 1270 1432 secundarii
1295 1391 1466 1443 pendet.

244 1468 409 1510 Phoen.
441 1471 490 1509 92
544 1465 716 1517 ἐπίσχες,
744 1462 798 1515 ὡς
826 1462 876 1507 ἂν
902 1468 1220 1521 προυξερευνήσω
1248 1465 1395 1518 στίβον,
1406 1468 1437 1519 ²³)

543 1534 598 1587 μή
625 1549 688 1582 τις
714 1534 894 1574 πολιτῶν
920 1533 964 1575 ἐν
992 1532 1116 1588 τρίβῳ
1144 1531 1401 1588 φαντάζεται,

542 1598 666 1652 κάμοὶ
692 1601 766 1652 μὲν
793 1600 896 1655 ἔλθῃ
924 1603 1076 1655 φαῦλος
1102 1597 1157 1649 ὥς
1182 1602 1309 1654 δούλῳ
1336 1602 1474 1654 ψόγος,

545 1668 611 1709 σοὶ
638 1662 672 1709 δ’
702 1663 757 1716 ὡς
783 1664 947 1722 ἀνάσσῃ.

282 1752 338 1809 μή
370 1769 394 1798 e
422 1753 743 1811 προυξερευνήσω
785 1759 831 1800 in
871 1771 935 1800 en.
976 1758 1102 1799 finali
1127 1758 1299 1812 pendet.
1351 1757 1508 1809 Senex,
1548 1757 1625 1811 qui

180 1826 457 1878 Antigonam
491 1826 695 1879 appellat,
733 1829 911 1868 veretur
942 1840 998 1868 ne
1032 1828 1130 1880 quis
1168 1840 1273 1867 nunc
1303 1827 1348 1867 in
1378 1826 1451 1867 via
1486 1827 1553 1877 sit,
1582 1827 1625 1867 et

179 1894 274 1945 ipse
306 1904 399 1932 una
432 1905 536 1933 eum
574 1893 757 1933 domina
786 1898 928 1944 postea
954 1894 1236 1947 vituperemr.
1290 1892 1343 1933 V.
1372 1889 1475 1945 ἔλθῃ
1503 1892 1623 1945 quod

180 1972 251 2000 res
278 1960 429 2000 futura
456 1961 692 2012 respicitur
720 1961 966 2002 adhibetur.

368 2061 406 2113 ζ)
438 2058 494 2114 μή
523 2075 578 2104 ex
606 2063 741 2105 verbo
770 2063 890 2116 quod
924 2063 1220 2117 supplendum
1254 2065 1320 2104 est
1347 2060 1489 2116 (λέγω),
1516 2075 1621 2117 pen-

443 2130 532 2170 (ἰθὺς
560 2131 610 2170 fr.
641 2133 728 2171 969.

288 2286 311 2325 ¹)
333 2285 409 2317 Loci
430 2286 466 2317 hi
487 2287 577 2317 sunt:
600 2285 679 2318 Hoc.
702 2286 775 2326 344,
796 2286 838 2318 H.
861 2286 883 2317 f.
905 2286 957 2323 42,
979 2286 1009 2317 J.
1031 2286 1070 2318 A.
1095 2286 1187 2326 1218,
1200 2285 1285 2318 Med.
1306 2286 1378 2326 306,
1399 2285 1450 2319 El.
1464 2286 1527 2318 260
1541 2285 1622 2324 (ver-

178 2337 259 2369 bum
279 2346 319 2369 ex
339 2347 370 2371 V.
391 2337 596 2379 praecedenti
618 2337 832 2380 supplendum
853 2337 927 2377 est).

284 2389 311 2428 2)
331 2388 427 2422 Alter
447 2389 540 2422 locus
561 2389 614 2422 hio
635 2391 700 2422 est:
722 2389 754 2422 J.
775 2390 812 2422 T.
836 2390 906 2423 109.

285 2440 312 2480 ³)
335 2440 383 2474 cf.
408 2440 507 2483 Soph.
529 2441 614 2473 Phil.
637 2441 680 2474 80
700 2436 771 2484 ὅρα
798 2439 879 2474 καθ’
906 2436 1019 2474 ὕπνον
1040 2439 1089 2483 μὴ
1110 2442 1365 2479 καταυλισθεὶς
1390 2444 1500 2483 κυρεῖ.
1542 2439 1620 2472 Eur.

173 2490 209 2523 J.
231 2491 266 2523 Τ.
289 2492 329 2524 67
352 2486 432 2536 ὅρα,
464 2490 637 2535 φύλασσέ,
664 2490 714 2536 μή
734 2504 787 2532 τις
809 2491 849 2526 ἐν
884 2493 992 2539 στίβῳ
1020 2492 1178 2537 βροτῶν,
1205 2492 1263 2526 ubi
1290 2491 1368 2527 ἐστί
1405 2491 1619 2536 supplendum

173 2546 239 2577 est.
285 2543 333 2579 cf.
355 2545 530 2579 Wecklein.
553 2546 596 2579 ad
617 2547 651 2579 h.
672 2546 694 2580 1.
