1815 3068
753 193 804 200 .-
857 173 907 212 39
961 194 1012 199 -

269 284 333 327 Cf.
363 283 494 336 Soph.
523 283 589 324 El.
626 285 722 325 1439

413 347 472 390 δι’
501 343 603 398 ὠτὸς
628 344 678 389 ἂν
703 346 844 401 παῦρά
870 345 907 402 y'
937 344 992 398 ὥς
1016 343 1151 403 ἠπίως
1171 348 1349 390 ἐννέπειν

413 414 516 468 πρὸς
541 411 664 470 ἶίνδρα
690 413 804 458 τόνδε
830 416 1037 471 συμφέροι,
1064 418 1266 469 λαθραῖον
1292 411 1347 464 ὥς

413 479 557 538 ὀρούσῃ
583 482 687 536 πρὸς
713 482 831 532 δίκας
856 479 1003 537 ἀγῶνα.

267 563 503 607 Praeterea
529 564 651 618 apud
675 563 923 606 Homerum
956 564 1262 606 conjunctivus
1288 563 1595 604 tantummodo

163 633 354 674 inveniri
371 632 594 682 videtur.¹)
638 631 796 684 Neque
812 644 918 672 vero
946 631 1019 672 hic
1042 631 1312 672 coniunctivi
1329 643 1437 671 usus
1454 632 1595 671 mirus

163 712 259 742 esse
286 700 470 742 videtur.
526 699 590 742 Cf.
617 699 685 740 Tr.
716 701 790 740 701
810 711 887 753 sq„
924 699 1003 741 11111
1033 698 1301 740 indicativus
1327 698 1465 739 futuri
1492 711 1595 739 cum

164 769 249 820 opt
276 767 505 821 potentiali
532 767 763 820 copulatus
790 769 857 808 est
881 767 929 807 in
956 766 1113 807 eadem
1138 765 1332 819 periodo.
1386 765 1473 807 Hic
1500 766 1595 818 ipse

162 834 287 876 locus
323 835 387 876 ita
422 834 682 876 emendatus
721 836 787 875 est
824 836 873 874 ut
911 836 995 886 opt.
1030 834 1077 874 in
1114 846 1180 875 en.
1208 833 1334 874 finali
1369 835 1469 886 post
1506 835 1592 886 opt.

164 904 314 943 exstet.

265 968 453 1010 Hecuba
470 968 836 1009 Andromacham
854 970 1013 1018 monet,
1034 970 1082 1008 ut
1098 968 1378 1020 Neoptolemi
1396 980 1594 1008 amorem

164 1036 250 1078 sibi
275 1036 497 1078 conciliet:

268 1117 340 1154 701
395 1107 470 1152 κῖἰν
496 1113 593 1165 δρᾷς
618 1109 725 1160 τάδ’,
753 1110 810 1159 εἷς
836 1110 883 1152 τὸ
908 1109 1042 1152 κοινὸν
1068 1106 1275 1165 εἰφρανεῖς
1300 1109 1452 1165 φίλους,

391 1178 463 1219 καὶ
488 1179 621 1219 παῖδα
648 1176 761 1219 τόνδε
786 1176 936 1227 παιδὸς
960 1176 1209 1231 ἐκθρέψειας
1236 1173 1284 1218 ἷίν

397 1244 523 1298 Τροίᾳ
548 1246 735 1298 μέγιστον
761 1240 957 1299 ὠφέλημ’,
985 1239 1039 1285 ἵν’
1070 1243 1111 1286 εἷ’
1132 1261 1235 1285 ποτε

387 1311 431 1352 ἐκ
457 1319 530 1352 σοῦ
554 1308 753 1365 γενόμενοι
779 1313 926 1359 παῖδες
952 1304 1110 1363 ῧοτερον
1135 1309 1262 1351 πάλιν

390 1378 674 1429 κατοικίσειαν,
702 1379 774 1419 καὶ
800 1376 922 1427 πόλις
947 1374 1093 1432 γένοιτ’
1123 1377 1196 1420 ἔτι.

265 1457 416 1500 Verba
460 1450 508 1496 ἵν’
550 1454 587 1496 εἰ
631 1469 742 1499 sana
782 1469 878 1499 esse
922 1460 1167 1511 nequeunt,
1212 1458 1299 1499 nisi
1341 1458 1504 1499 lacuna
1546 1458 1593 1499 in

159 1528 283 1567 textu
310 1527 384 1567 est.

263 1592 316 1633 In
343 1592 565 1645 plerisque
596 1592 841 1633 editionum
872 1593 1167 1633 recentiorum
1193 1587 1246 1630 ἵν’
1277 1592 1321 1631 οἳ
1344 1606 1447 1631 ποτε
1482 1593 1591 1643 legi-

158 1662 243 1711 tur,
289 1671 402 1713 quae
446 1661 512 1700 est
556 1661 809 1700 correctura
844 1659 1029 1701 Musuri.
1095 1659 1184 1702 Sed
1227 1659 1505 1712 Hartungius
1549 1662 1593 1701 et

158 1726 392 1768 Nauckius
400 1726 434 1776 ²)
461 1728 579 1768 recte
604 1729 873 1767 monuerunt
897 1726 1013 1767 filios
1040 1727 1239 1767 nondum
1265 1729 1393 1767 natos
1421 1726 1464 1765 οἳ
1489 1741 1592 1765 ποτε

157 1789 351 1845 γενόμενοι
391 1792 538 1839 παῖδες
574 1794 651 1834 vix
676 1794 829 1835 vocari
855 1805 995 1846 posse.
1048 1793 1326 1846 Hartungius
1359 1790 1486 1846 Τροίᾳ
1522 1792 1591 1843 με’-

156 1873 291 1912 γιστον
329 1852 509 1911 ὥφέὛλημ
540 1853 599 1906 α’ν,
638 1855 680 1897 εί
701 1873 804 1898 ποτε
835 1861 1022 1912 scripsit,
1062 1861 1134 1901 cui
1171 1861 1449 1902 coniecturae
1475 1861 1589 1902 Her-

155 1939 347 1970 mannus
374 1927 486 1969 116116
510 1915 725 1980 opposuit,
751 1926 867 1968 filias
886 1939 942 1968 ex
959 1926 1280 1968 Andromacha
1296 1926 1587 1981 Neoptolemo

155 1995 421 2048 progenitos,
447 2006 538 2033 non
564 1996 763 2045 posteros
788 1993 1006 2044 Hectoris,
1032 1994 1209 2034 Troiam
1240 1995 1490 2035 instaurare
1521 1997 1588 2035 in-

157 2074 405 2114 congruum
431 2073 537 2102 esse.
591 2059 904 2102 Kirchhoffius'
937 2060 992 2103 de
1029 2060 1114 2103 hoc
1151 2060 1250 2103 loco
1290 2061 1354 2103 sic
1392 2062 1585 2116 scripsit:

158 2128 352 2181 „Nempe
394 2127 480 2168 hoc
524 2127 763 2168 dicendum
806 2130 918 2178 erat,
968 2128 1333 2169 Andromacham
1381 2128 1586 2170 Hectoris

153 2195 298 2238 filium
332 2195 380 2237 in
416 2195 660 2250 maximam
695 2195 865 2248 patriae
901 2194 1135 2236 utilitatem
1161 2194 1451 2236 educaturam
1477 2207 1584 2247 esse,

153 2265 215 2312 ut,
253 2263 293 2302 si
327 2260 463 2302 forte“
504 2254 573 2312 (ἵν’
603 2257 655 2311 εἰ)
695 2274 774 2312 „ex
805 2262 904 2314 ipsa
929 2261 1218 2314 Neoptolemo
1249 2263 1468 2314 progeniti
1503 2263 1587 2304 6111

153 2328 300 2370 vitrici
347 2327 621 2369 voluntatem
665 2328 989 2380 conciliassent,
1045 2330 1139 2369 eius
1188 2328 1366 2369 adiutus
1416 2341 1497 2382 ope
1542 2333 1586 2371 et

153 2396 378 2436 voluntate
427 2395 658 2447 Astyanax
711 2396 880 2447 patriae
934 2396 1109 2436 moenia
1160 2396 1438 2436 instauraret.
1510 2396 1584 2438 Sic

261 2519 285 2559 ¹)
306 2517 356 2552 Cf.
376 2518 502 2551 Weber.
524 2518 547 2552 1.
568 2518 589 2551 1.
613 2521 698 2562 part.
718 2518 745 2556 1,
767 2530 800 2562 p.
822 2519 873 2553 56.

258 2571 284 2610 ²)
307 2569 354 2603 Cf.
366 2569 505 2603 Nauckii
519 2569 639 2603 librum
653 2571 710 2613 qui
723 2565 775 2604 est
789 2571 829 2604 de
844 2570 996 2613 Euripide
1012 2570 1265 2613 (Euripideische
1281 2571 1420 2605 Studien
1429 2571 1474 2613 11)
1491 2573 1583 2606 1862.
