1815 3068
795 120 1053 162 -63-

208 232 303 275 tum
328 228 371 271 εἴ
393 245 435 270 τι
467 226 591 280 πάσχ.
630 224 699 281 ἀμ.
737 231 850 274 mihi
884 231 1077 282 videtur,
1114 243 1257 285 neque
1295 230 1637 281 Bacumleinio¹)

207 299 325 340 hunc
352 299 502 341 locum
529 298 657 340 aliter
682 299 922 352 explicanti
938 298 1276 351 defendentique
1303 291 1351 337 ἄν
1380 297 1636 351 adstipulor.

309 376 364 418 In
395 375 493 419 Hel.
527 378 603 420 825
640 375 946 420 Kirchhofflus
983 378 1028 418 et
1058 375 1292 418 Nauckius
1331 379 1448 418 recte
1485 375 1638 429 legunt

204 440 304 491 ἰ’σως
315 438 367 482 ἂν
379 438 673 495 ἀναπείσαιμεν
684 440 900 485 ἱκετεύοντέ
912 458 973 483 νιν
983 457 1063 498 pro
1075 439 1117 483 εἷ’
1122 458 1212 490 πως
1223 437 1272 483 ἒν
1282 441 1362 484 κτὲ.
1380 443 1477 486 Hel.
1486 445 1639 486 nititur

203 523 293 552 uno
320 511 416 553 cod.
458 511 495 553 0
516 511 650 562 (Flor.
678 513 742 564 32,
770 512 823 563 2).
859 511 915 553 In
931 513 1043 565 prot.
1063 504 1115 550 ἄν
1133 511 1283 552 locum
1295 511 1464 553 'habere
1481 513 1635 564 potest,

204 591 306 620 cum
332 576 368 618 εἰ
391 579 511 621 idem
538 574 657 622 valet
681 579 802 633 quod
828 575 921 618 ἐπεί
946 579 1017 620 vel
1045 572 1160 629 gast)
1205 577 1351 628 Quam
1368 581 1637 620 structuram

201 658 291 687 non
317 646 618 698 tractabimus,
647 647 809 700 quippe
840 658 976 699 quam
1008 646 1128 699 apud
1158 646 1264 688 Eur.
1297 658 1386 688 non
1418 647 1635 687 inveneri-

200 726 311 755 mus.
365 712 592 756 Particula
619 707 671 754 ἄν
697 714 745 756 in
772 713 957 767 apodosi
983 713 1185 755 condicio
1212 713 1363 767 aliqua
1388 713 1632 766 respicitur.

308 805 341 842 1.
380 797 418 841 εἰ
444 802 503 843 ad
530 814 668 843 unam
693 814 785 844 rcm
813 801 1010 843 futuram
1036 802 1234 855 pertinet.
1244 802 1275 853 3)

386 880 462 929 aa)
500 879 569 921 In·
582 882 767 933 utroque
798 880 998 921 membro
1032 881 1252 932 optativus
1289 881 1532 932 praesentis
1563 881 1631 920 in-

499 947 693 989 venitur:

301 1024 407 1066 Hec.
437 1026 525 1076 318,
553 1024 652 1066 Hel.
681 1027 760 1066 434
786 1017 889 1075 (οἰδἱ
910 1021 963 1075 εἰ)
991 1046 1042 1052 -
1068 1024 1229 1066 Bacch.
1259 1028 1347 1075 947,
1374 1024 1441 1065 El.
1470 1026 1559 1075 632,
1586 1025 1626 1066 J.

196 1093 249 1133 A.
271 1094 358 1133 306.
379 1094 467 1143 834,
485 1091 597 1144 frag.
617 1094 705 1134 895.
744 1092 799 1133 In
818 1090 891 1133 Or.
911 1094 987 1133 775
1016 1088 1069 1143 (εἰ
1086 1084 1234 1143 λέγοιμ’
1265 1084 1448 1131 ἀστοῖσιν
1473 1088 1627 1143 ἐλθών)

195 1159 401 1212 apodosis
430 1159 562 1200 deest.
608 1158 761 1200 Verba
779 1150 803 1211 ἦ
820 1158 953 1205 καλῶς
969 1152 1018 1197 ἂν
1035 1156 1117 1207 &icoc
1143 1159 1226 1200 vel.
1255 1160 1350 1200 sim.
1371 1159 1625 1200 subaudias.

381 1246 497 1298 aaa)
534 1248 589 1288 In
615 1248 783 1300 protasi
809 1249 952 1289 exstat
978 1244 1015 1286 εἰ
1039 1243 1109 1299 μή.

297 1314 413 1355 Med.
442 1315 518 1355 568
546 1307 631 1352 οὐδ’
664 1307 712 1352 ἷίν
739 1310 787 1352 σύ
814 1311 951 1365 φαίης,
979 1310 1021 1352 εἴ
1043 1326 1087 1352 σε
1111 1313 1167 1365 μὴ
1192 1311 1319 1361 κνίζοι
1347 1312 1465 1362 λέχος.
1476 1314 1508 1364 ⁴)

378 1391 458 1443 ati)
495 1391 549 1433 In
575 1394 685 1445 prot.
715 1395 799 1445 opt.
827 1404 983 1445 praes„
1010 1393 1057 1434 in
1085 1405 1153 1446 ap.
1183 1394 1268 1445 opt.
1297 1404 1386 1434 aor.
1416 1395 1570 1434 exstat.

295 1479 411 1522 And.
441 1482 516 1522 595
893 1472 982 1519 οὐδ’
1013 1473 1061 1519 ὃν
1087 1476 1123 1519 εἰ
1148 1475 1334 1530 βούλοιτό
1360 1494 1422 1526 τις

566 1543 735 1599 σώφρων
762 1546 913 1598 γένοιτο
941 1545 1253 1598 Σπαρτιατίδων
1279 1543 1388 1599 κόρη.
1418 1571 1466 1575 -

297 1625 370 1666 Or.
399 1627 476 1666 698
505 1637 599 1679 sqq.

296 1774 320 1814 ι)
340 1773 380 1807 In
400 1773 484 1822 libro
506 1774 562 1816 qui
584 1775 635 1806 est
656 1773 695 1806 de
716 1773 800 1807 mod.
822 1783 926 1816 graec.
948 1784 980 1816 p.
1002 1773 1075 1807 331.

292 1832 319 1871 ²)
340 1831 388 1865 Cf.
403 1830 529 1864 Kuehn.
544 1832 565 1863 1.
581 1831 603 1864 1.
619 1842 652 1873 p.
672 1831 745 1868 983,
767 1831 927 1864 Akenium
947 1831 983 1865 in
1003 1831 1085 1864 actis
1107 1841 1191 1873 quae
1205 1831 1424 1864 inscribuntur
1437 1828 1492 1869 „N.
1505 1830 1620 1864 Jahrb.

187 1883 208 1915 f.
230 1882 335 1914 Phil.“
366 1882 408 1914 11.
439 1881 519 1914 1858
546 1893 578 1924 p.
600 1883 651 1919 96,
683 1883 818 1915 eundem
839 1883 873 1915 iu
894 1883 977 1915 libro
1000 1893 1095 1925 quem
1115 1883 1281 1925 inscripsit
1301 1882 1538 1924 ,‚Grundzfige“
1559 1886 1621 1916 etc.

186 1944 254 1977 cap.
276 1934 327 1968 31.

290 1995 316 2036 ³)
337 1996 546 2038 Indicativus,
568 2007 632 2030 non
653 1998 826 2040 optativus,
858 2000 896 2030 ut
916 1998 998 2030 mihi
1024 1998 1161 2038 videtur,
1186 1999 1222 2030 in
1254 1997 1307 2031 Or.
1337 1998 1418 2030 1133
1439 2000 1546 2031 exstat
1573 1998 1621 2038 (εἰ

185 2046 252 2088 μὲν
279 2044 348 2091 γὰρ
377 2046 427 2087 εἰς
453 2052 606 2091 γυναῖκα
637 2048 933 2093 σωφρονεστέραν
959 2050 1065 2092 ξίφος
1090 2052 1274 2090 μεθεῖμεν,
1309 2047 1477 2091 δυσκλεὴς
1497 2046 1544 2082 ἄν
1575 2045 1617 2092 ἦν

185 2096 322 2140 φόνος).
374 2099 536 2142 Apodosis
570 2100 613 2133 ad
642 2110 714 2134 ram
741 2103 959 2144 praeantam,
991 2101 1136 2144 protasis
1168 2101 1210 2134 ad
1242 2101 1449 2144 praeteritam
1481 2102 1617 2143 spectat.

183 2149 323 2191 Pylades
344 2151 446 2199 amico
466 2152 639 2185 consilium
659 2152 872 2185 interficiendi
892 2153 1050 2186 Helenam
1071 2153 1221 2195 explicat.

288 2213 315 2254 ⁴)
336 2212 512 2257 optativus
532 2215 643 2249 locum
657 2215 766 2255 habet,
787 2216 864 2259 quia
882 2215 984 2250 Jason
1001 2214 1150 2249 Medeam
1170 2225 1394 2258 responsuram
1415 2224 1485 2249 esse
1506 2215 1615 2249 existi-

182 2266 252 2297 mat
271 2263 506 2308 βεβούλευσαι
528 2268 658 2307 κακῶς.
694 2267 847 2310 IuHipp.
867 2267 943 2299 471>
963 2266 996 2300 εἰ
1019 2284 1060 2290 -
1085 2264 1184 2309 ἔχεις,
1207 2267 1355 2299 Laecam
1379 2263 1474 2308 ἔχοις
1494 2267 1615 2309 posuit.

183 2315 247 2350 Sed
269 2317 429 2350 assentior
449 2316 631 2352 Matthiaeo
658 2318 705 2351 sic
732 2318 915 2352 defendenti
936 2314 1043 2361 ἔχειςε
1070 2318 1146 2356 „ubi
1166 2318 1368 2351 enuntiatum
1400 2317 1615 2351 condicionale

182 2379 250 2402 rem
271 2369 428 2406 continet,
451 2380 534 2412 quae
555 2380 615 2413 pro
637 2381 713 2404 vera
732 2372 873 2413 ponitur,
894 2371 1090 2404 indicativus
1116 2371 1251 2413 adiungi
1272 2371 1363 2410 solet,
1390 2370 1537 2413 quamvis
1565 2381 1615 2403 so·

181 2421 301 2463 quatur
332 2421 514 2464 optativus,
546 2422 665 2466 quippo
691 2422 734 2456 da
756 2433 808 2465 rs,
837 2433 919 2467 quae
945 2423 1105 2467 probabili
1136 2423 1318 2456 coniectura
1342 2422 1417 2456 inde
1443 2421 1615 2457 efficitur.“

181 2472 308 2506 InHec.
325 2473 408 2507 1206
429 2468 450 2507 ὃ
461 2472 603 2518 χρυσός,
626 2474 661 2509 εἰ
679 2472 826 2519 βούλοιο
849 2473 989 2518 τάληθῆ
1011 2473 1137 2519 λέγειν,
1153 2470 1288 2509 ἔκτεινε
1302 2471 1366 2508 τὸν
1388 2471 1473 2516 ἐμόν
1494 2475 1614 2512 παῖδα,

182 2523 298 2568 λέγοις
320 2521 366 2559 ἄν
387 2525 573 2560 subaudias.
842 2526 844 2528 ’
