1815 3047
279 282 515 335 Seidlerus,
544 297 647 326 cum
674 283 783 338 θάνῃ
812 289 1003 339 poneret,
1032 288 1095 329 sic
1123 289 1317 342 scripsit:
1352 287 1610 341 „Gramma-

172 351 260 391 tica
287 351 461 391 videtur
488 353 713 404 requirere
748 349 888 404 θάνοι,
922 355 1002 395 sed
1029 355 1207 396 defendi
1244 358 1389 408 potest
1414 351 1540 408 θοίνῃ,
1573 356 1612 397 si

170 417 325 468 finges,
355 418 515 470 cupido
544 418 670 460 chori
698 421 846 461 animo
865 433 961 462 rem
977 422 1041 462 ita
1068 424 1347 474 praesentem
1370 423 1609 473 obversari,

171 486 400 537 tamquam
429 486 467 526 si
492 498 597 527 vere
624 486 738 527 fiat.“
796 487 885 529 Sed
923 488 1145 541 quomodo
1178 489 1224 530 in
1263 490 1420 531 ceteris
1457 489 1610 534 huius-

170 551 293 593 modi
319 552 429 593 locis
457 552 711 606 Euripideis
738 567 809 595 res
837 567 883 595 se
911 554 1070 596 habet?
1110 555 1164 596 In
1190 555 1288 597 Hel.
1319 558 1392 597 178
1419 552 1535 610 λάβῃ,
1563 559 1610 599 in

168 618 268 658 Jon.
299 621 375 659 672
404 617 563 671 γένηται
591 620 765 672 legitur.
931 618 933 621 ’

223 685 294 727 Or.
325 689 401 728 982
454 683 622 737 μόλοιμι
650 685 725 726 τᾶν
752 682 920 740 οἰρανοῢ

276 745 281 750 “
455 752 578 803 μέσον
602 751 751 803 χθονός
777 769 819 794 τε
845 755 1064 805 τεταμέναν
1092 753 1322 809 αἰωρήμασι

457 820 612 873 πέτραν
639 816 802 862 ἆλιῗσεσι
827 821 1037 874 χρυσέαισι
1067 822 1285 876 φερομέναν

457 886 611 928 δίναισι
637 890 768 940 βῶλον
794 889 838 937 ἐξ
859 884 1070 940 Ὀλύμπου,

457 953 505 995 ἵν’
535 954 576 995 ἐν
601 953 816 1010 θρήνοισιν
843 951 1058 1007 ἀναβοάσω

457 1021 609 1074 γέροντι
636 1023 766 1075 πατρὶ
799 1021 1003 1076 Ταντάλῳ.

274 1090 403 1138 Quod
430 1091 656 1132 Porsonus
684 1092 750 1130 ἵνα
777 1093 1045 1144 particulam
1072 1093 1145 1133 hic
1168 1093 1358 1133 localem
1381 1104 1477 1133 esse
1497 1093 1609 1133 dixit

167 1157 316 1198 nescio
341 1170 399 1198 an
426 1158 492 1199 ini
520 1159 853 1200 assentiendum
883 1159 949 1200 sit.
989 1158 1148 1200 Nonne
1168 1171 1273 1199 vero
1297 1157 1370 1200 hic
1389 1161 1455 1200 est
1471 1159 1607 1212 parti—

168 1225 294 1264 culae
321 1237 429 1264 usus
448 1227 496 1265 in
513 1226 660 1266 medio
679 1227 848 1277 positus
875 1227 989 1266 inter
1007 1227 1100 1265 vim
1117 1226 1305 1265 localem
1333 1227 1377 1265 et
1400 1225 1608 1265 finalem?

168 1289 216 1331 Si
243 1289 310 1328 ἵνα
338 1291 385 1332 in
411 1290 544 1344 I-Iipp.
575 1293 651 1332 733
680 1291 748 1342 (cf.
778 1292 929 1345 supra)
948 1291 1082 1332 finale
1100 1293 1177 1342 est,
1195 1291 1283 1331 nisi
1300 1290 1433 1331 fallor
1450 1290 1607 1332 eadem

166 1359 235 1398 vis
270 1358 356 1399 hoc
397 1359 496 1400 loco
528 1360 780 1411 percipitur.
847 1359 907 1399 Ut
944 1371 1081 1411 supra
1117 1359 1201 1399 sub
1237 1358 1285 1398 H
1322 1358 1490 1399 dictum
1528 1360 1605 1407 est,

166 1436 251 1465 usu
277 1424 411 1466 huius
445 1425 689 1478 particulae
723 1426 779 1467 ab
819 1426 865 1466 vi
898 1425 1031 1467 locali
1059 1425 1118 1466 ad
1149 1424 1330 1466 finalem
1366 1436 1456 1465 non
1493 1436 1606 1465 nun-

166 1505 302 1544 quam
334 1493 468 1545 plane
505 1494 743 1534 transitum
781 1495 856 1534 est.
912 1493 1016 1533 Non
1053 1493 1207 1534 dubito
1246 1493 1354 1545 quin
1391 1485 1606 1542 ἀναβοάσω

164 1559 310 1599 forma
337 1561 609 1601 coniunctivi
633 1561 698 1600 sit.

270 1626 370 1668 Uno
397 1627 496 1668 loco
525 1628 771 1680 optativum
797 1640 877 1680 pro
897 1627 1178 1668 coniunctivo
1198 1626 1406 1667 substitui
1422 1627 1606 1679 nequire

166 1694 333 1746 (Suppl.
363 1696 456 1744 621)
485 1695 690 1735 vidimus.
731 1694 920 1736 Seidleri
954 1694 1208 1735 coniectura
1241 1693 1294 1742 (J.
1328 1693 1372 1733 Τ.
1406 1694 1499 1742 445)
1533 1704 1606 1733 su-

163 1761 335 1814 perflua
361 1764 437 1802 est.
493 1761 730 1814 Euripides
763 1762 898 1813 igitur
929 1760 1015 1802 hac
1047 1761 1095 1801 in
1126 1761 1349 1801 structura
1381 1759 1450 1801 bis
1485 1762 1606 1812 opta-

162 1829 323 1878 tivum,
373 1829 607 1880 quinquies
646 1828 977 1869 coniunctivum
1021 1827 1270 1879 usurpavit3
1318 1827 1345 1867 i.
1392 1839 1440 1876 e.‚
1486 1825 1605 1867 hunc

162 1895 346 1936 modum
375 1895 595 1948 praetulit,
624 1896 662 1936 si
689 1895 918 1937 codicibus
946 1893 1263 1936 confidendum
1290 1895 1365 1935 est.
1431 1949 1433 1952 Α

351 1965 394 2011 β)
424 1962 657 2014 Optativus
685 1961 948 2014 potentialis,
976 1962 1053 2013 qui
1080 1962 1277 2010 vocatur,
1304 1961 1350 2000 in
1378 1961 1604 2000 enuntiato

541 2030 755 2082 primario
784 2030 937 2071 exstat.

215 2097 331 2137 And.
362 2099 438 2137 845
494 2089 581 2134 ἀλλ’
614 2092 657 2134 εἴ
679 2090 720 2134 σ’
752 2089 896 2147 ἀφείην
922 2091 977 2147 μὴ
1006 2100 1229 2147 φρονοῦσαν
1255 2088 1310 2140 ὥς
1335 2089 1481 2145 θάνῃς;

267 2160 390 2203 καλὸν
417 2157 466 2203 ὃν
492 2159 555 2216 εἴη
582 2164 655 2205 vel
685 2163 825 2205 verba
856 2162 1021 2204 similia
1048 2160 1359 2204 subaudienda
1384 2164 1504 2202 sunt:
1550 2154 1605 2208 ὡς

161 2244 268 2272 vero
297 2244 325 2271 a
351 2245 392 2271 v.
422 2224 567 2282 ἀφείην
592 2231 765 2282 pendet.

266 2298 428 2340 Bacch.
462 2301 561 2339 1257
752 2294 815 2343 τίς
842 2293 963 2336 αὐτὸν
989 2289 1095 2347 δεῦρ’
1127 2289 1178 2334 ὃν
1203 2289 1304 2345 ’όψιν
1330 2291 1388 2342 εἷς
1413 2292 1509 2347 ἐμὴν

590 2363 802 2411 καλέσειεν,
831 2357 886 2410 ὥς
912 2360 980 2415 ἴδῃ
1006 2377 1057 2413 με
1082 2363 1152 2415 τὴν
1178 2356 1414 2412 εὐδαίμονας

267 2434 342 2474 Ad
368 2434 564 2486 priorem
590 2433 740 2474 locum
768 2431 990 2485 Sauppius
1017 2430 1130 2472 haec
1157 2430 1360 2472 coniecit:

350 2494 440 2539 ἀλλ’
471 2495 517 2540 οὗ
545 2494 584 2540 σ’
616 2494 761 2553 ἀφείην
787 2491 829 2539 εὖ
857 2491 1049 2552 φρονοῦσ)
1081 2494 1139 2548 ἄν,
1167 2492 1221 2545 ὡς
1248 2494 1389 2550 θάνῃς,

162 2569 283 2620 quod
310 2572 458 2610 tamen
485 2581 576 2609 non
603 2580 781 2609 necesse
809 2570 884 2608 est.
