1815 3047
808 134 1069 173 ,32-

317 247 536 288 Educatio
547 246 738 289 Achillis
754 248 996 301 praeterita
1012 250 1091 300 est,
1109 251 1378 303 quapropter
1395 249 1657 304 Musgravio

214 314 482 367 scripturam
508 315 728 356 librorum
752 310 874 368 μάθῃ
910 316 960 357 in
995 311 1131 366 μάθοι
1167 318 1357 360 mutanti
1393 318 1653 377 adstipulor.

210 381 336 422 Infra
363 394 516 424 omnes
543 382 633 424 loci
657 382 738 425 ubi
763 382 875 425 haec
904 386 1129 426 structura
1144 384 1192 425 in
1221 384 1348 426 codd.
1377 387 1520 428 exstat
1545 399 1652 428 con-

209 449 417 489 ferentur.
430 449 460 500 ¹)

400 550 442 596 β)
480 548 797 601 Imperfectum
823 547 890 586 ἵνα
916 549 1153 601 praecedit.
1616 592 1619 595 Α

262 625 302 665 J.
332 625 386 664 A.
417 627 495 665 884
521 628 618 663 KA.
674 618 696 663 ὃ
724 623 769 663 δὲ
794 620 922 675 γάμος
938 618 1011 663 τίν’
1033 619 1111 674 εἶχε
1128 620 1346 678 πρόφασιν,
1364 616 1391 679 ᾗ
1407 620 1448 675 μ’
1468 623 1654 677 ἐκόμισεν

677 689 721 731 ἐκ
747 689 898 742 δόμων,·

538 772 625 808 ΠΡ.
679 762 729 808 ἵν’
765 766 930 821 ἀγάγοις
958 764 1136 823 χαίρουσ’
1170 765 1345 821 Ἀχιλλεῖ
1380 772 1515 812 παῖδᾱ
1554 786 1652 823 νυμ-

678 836 880 888 φεύσουσα
908 833 992 890 σήν.

316 924 462 973 Quam
510 925 704 967 formam
746 920 896 978 ἀγάγῃς
936 927 1042 969 libri
1081 929 1306 980 praebent,
1348 928 1657 970 Blomfieldius

213 993 417 1043 correxit,
446 1005 550 1034 cum
577 995 662 1046 opt.
691 996 884 1046 poneret.

404 1094 444 1141 y)
481 1092 689 1132 Aoristus
715 1094 759 1132 et
784 1093 1092 1145 imperfectum
1117 1094 1400 1145 praecedunt.

261 1168 301 1209 J.
330 1167 374 1208 T.
408 1170 507 1209 1336
560 1163 686 1220 χρόνῳ
711 1161 760 1217 δ’,
788 1167 828 1207 ἲν
852 1161 950 1221 ἡμῖν
976 1167 1073 1221 δρᾶν
1098 1183 1140 1208 τι
1167 1168 1217 1222 δὴ
1243 1168 1356 1209 δοκοῖ
1383 1167 1519 1218 πλέον,

567 1228 786 1282 ἀνωλόλυξε
810 1234 884 1274 καὶ
909 1235 1058 1289 κατῖδε
1083 1232 1270 1288 βάρβαρα

563 1301 665 1356 μέλη
689 1297 912 1354 μαγεύουθ,
940 1297 995 1350 ὥς
1020 1299 1143 1357 φόνον
1169 1302 1334 1353 νίζουσα
1361 1303 1421 1357 δή.

314 1392 368 1432 In
394 1392 521 1432 libris
549 1391 649 1444 δοκῇ
673 1392 849 1444 legitur,
876 1405 957 1445 pro
985 1404 1073 1445 quo
1100 1392 1369 1434 Matthiaeus
1395 1394 1513 1433 recte
1540 1391 1657 1431 δοκοῖ

213 1459 401 1511 scripsit.

316 1536 523 1589 Plerique
562 1537 829 1589 scriptorum
866 1536 1142 1577 Graecorum
1178 1538 1226 1577 in
1262 1536 1518 1578 huiusmodi
1543 1536 1656 1577 locis

211 1604 459 1655 optativum
485 1604 779 1656 usurpabant,
814 1604 976 1656 quippe
1010 1616 1097 1657 quo
1125 1604 1303 1645 effectus
1329 1604 1478 1645 minus
1504 1602 1657 1644 vivide

212 1671 551 1724 exprimeretur3
571 1671 651 1712 sed
668 1683 819 1712 rerum
837 1671 1085 1724 scriptores,
1109 1671 1332 1724 imprimis
1349 1670 1653 1723 Thucydidem

211 1740 255 1779 et
270 1737 551 1780 Herodotum
579 1738 691 1790 dico,
721 1739 1053 1780 coniunctivum
1071 1738 1284 1781 adhibere
1311 1737 1521 1786 solebant,
1550 1751 1652 1780 cum

210 1808 442 1858 tamquam
468 1806 705 1858 participes
744 1806 917 1847 consilii
954 1818 1050 1847 rem
1085 1806 1370 1859 praeteritam
1406 1806 1555 1847 animo
1582 1818 1655 1846 re-

211 1876 556 1926 praesentarent.

320 1950 368 1992 Si
385 1951 509 1991 locos
527 1953 712 2001 tantum,
740 1962 851 2003 quos
881 1951 1021 2001 attuli,
1050 1950 1396 2002 consideramus,
1416 1950 1658 2003 quominus

212 2018 533 2060 concludamus
574 2017 837 2072 Euripidem
879 2017 965 2060 hac
1008 2019 1056 2060 in
1098 2031 1146 2060 re
1189 2018 1360 2072 aliquid
1405 2019 1657 2070 novavisse,

212 2098 315 2127 cum
343 2098 494 2126 rerum
521 2086 758 2138 scriptores
790 2086 989 2126 imitatus
1016 2086 1085 2137 sit,
1121 2085 1309 2126 fortasse
1345 2084 1459 2126 nihil
1496 2086 1654 2129 obstat.

213 2153 303 2197 Sed
330 2154 408 2207 qui
433 2152 568 2195 fuerit
603 2165 712 2195 usus
750 2152 883 2195 huius
915 2155 1070 2207 poetae
1096 2153 1144 2195 in
1170 2144 1400 2206 particulis
1429 2145 1492 2201 ὧς,
1530 2146 1652 2202 ὅπως,

136 2263 139 2265 ,
210 2217 279 2273 μή,
307 2223 540 2274 praeterea
565 2222 611 2262 in
641 2220 708 2259 ἵνα
735 2221 832 2274 ipso
866 2221 974 2262 alibi
1000 2222 1212 2271 exstante,
1249 2222 1300 2261 ut
1335 2220 1515 2262 firmum
1546 2219 1656 2262 huic

212 2289 462 2342 quaestioni
487 2288 826 2330 fundamentum
851 2289 1144 2338 substruatur,
1171 2288 1366 2340 primum
1382 2288 1658 2340 investigan-

214 2356 323 2397 dum
350 2357 427 2396 est.

322 2502 345 2538 ¹)
368 2501 474 2534 Ceteri
496 2501 557 2533 loci
580 2503 672 2533 sunt:
693 2500 777 2533 And.
799 2500 871 2538 427,
894 2500 1011 2533 Bacch.
1034 2499 1084 2537 22,
1109 2499 1227 2532 Phoen.
1250 2500 1299 2532 65.
1326 2500 1390 2532 His
1417 2499 1496 2532 locis
1524 2501 1590 2541 opt.
1618 2499 1655 2533 in

212 2551 305 2585 libris
326 2552 458 2593 legitur.
