1815 3047
757 121 1015 159 ..40-

166 233 285 273 enim
339 232 630 283 intellegitur,
682 245 762 273 cur
817 232 1161 274 Andromachae
1206 246 1262 274 ex
1312 231 1603 285 Neoptolemo

164 299 362 339 filiorum
388 299 553 339 mentio
585 299 660 340 hic
686 299 925 350 iniiciatur,
954 300 1066 340 alias
1093 298 1417 341 incommoda“.
1481 299 1607 340 Idem

164 368 316 418 patere
336 367 484 406 censet
506 368 608 418 post
633 365 780 412 παῖδες
808 366 1000 407 duorum
1025 365 1408 407 hemistichiorum
1434 367 1607 407 iactura

165 432 371 474 laborare
426 433 564 474 verba
612 435 779 486 poetae,
820 434 1067 486 conicitque
1114 429 1357 472 κατοικίσειε
1404 446 1484 486 pro
1531 447 1607 471 κα-

165 497 387 537 τοικίσειαν
433 499 488 548 (v.
519 500 622 547 703).
680 500 779 550 Sed,
828 502 877 540 ut
917 499 1152 541 Nauckius
1185 500 1369 550 monuit,
1414 499 1608 552 Neopto-

163 567 332 607 lemum
342 567 607 619 Astyanacti
619 567 837 608 auxilium
849 567 1046 608 laturum
1058 579 1165 617 esse,
1185 569 1235 607 ut
1251 566 1430 608 Troiam
1446 567 1608 608 iterum

167 634 347 684 condat,
392 634 575 674 minime
620 634 861 675 verisimile
906 636 981 675 est.
1051 634 1363 676 Correcturam
1406 633 1608 687 praefero

168 714 304 753 quam
330 701 652 751 Kirchhoffius,
687 714 790 742 cum
817 703 979 742 iterum
1007 714 1044 742 a.
1074 700 1454 743 MDCCCLXVII
1479 701 1609 741 Euri-

166 769 283 821 pidis
311 768 565 820 tragoedias
599 769 761 818 ederet,
799 768 919 809 fecit:
959 764 1000 806 εἷ’
1029 765 1089 806 νίν
1115 781 1228 809 ποτε.
1283 768 1434 809 Potest
1459 770 1609 808 tamen

165 835 276 885 fieri,
310 837 360 875 ut
385 835 621 876 Nauckius
648 828 699 887 ἣν
727 829 776 873 ἄν
808 849 907 874 ποτε
939 838 1056 877 recte
1085 836 1320 889 scripserit.
1374 835 1442 876 De
1470 835 1611 876 altera

168 903 476 944 emendatione
521 903 718 944 Nauckii
756 903 808 944 cf.
851 903 979 944 illum
1012 904 1070 944 ad
1106 902 1227 944 hunc
1264 903 1424 944 locum.
1480 901 1611 955 Apud

166 970 272 1011 Eur.
319 971 456 1021 igitur
503 971 724 1022 optativus
763 972 809 1011 in
849 984 913 1011 en.
961 971 1035 1011 fin.
1082 973 1180 1022 post
1229 971 1474 1022 optativum
1523 971 1607 1021 pot.

167 1049 416 1090 numquam
443 1037 634 1077 inveniri
662 1037 850 1078 videtur.

168 1141 220 1180 V.
278 1141 355 1181 De
405 1141 570 1180 modo
622 1143 755 1192 post
811 1142 953 1180 coni.
1001 1141 1404 1181 dubitativum
1460 1141 1611 1192 apud

664 1207 790 1248 Eur.
820 1209 1119 1260 usurpato.

271 1291 324 1331 In
351 1291 392 1331 J.
421 1291 473 1331 A.
505 1293 617 1340 1617,
647 1291 724 1342 qui
750 1290 1077 1342 interpolatoris
1105 1291 1362 1331 recentioris
1393 1292 1468 1341 est,
1489 1293 1611 1343 opta-

167 1360 298 1409 tivus,
328 1359 437 1400 alibi
465 1359 577 1399 coni.
606 1359 841 1399 invenitur.
898 1357 961 1399 Cf.
990 1358 1107 1399 And.
1137 1361 1225 1400 850.

174 1452 251 1493 VI.
308 1452 450 1492 Num
503 1453 805 1504 optativus
852 1455 982 1503 post
1025 1455 1286 1504 tempora
1329 1453 1615 1504 primaria

551 1519 701 1571 apud
728 1518 852 1559 Eur.
881 1520 1237 1560 inveniatur.

278 1602 388 1642 Loci
416 1602 494 1642 ubi
521 1602 742 1653 optativus
770 1602 817 1641 in
844 1602 971 1642 codd.
1000 1602 1175 1652 legitur,
1208 1602 1325 1642 And.
1347 1604 1435 1652 992,
1464 1602 1530 1642 El.
1552 1604 1614 1651 59,

173 1670 214 1711 J.
248 1670 298 1710 A.
328 1671 416 1719 881,
444 1669 485 1710 J.
514 1668 557 1709 Τ.
592 1671 693 1709 1210
721 1669 775 1717 (J.
804 1669 857 1709 A.
882 1671 981 1709 1595
1011 1670 1187 1721 spurius
1215 1670 1308 1719 est),
1337 1681 1473 1721 supra
1499 1671 1614 1709 trac-

173 1738 254 1777 tati
293 1739 406 1777 sunt.
468 1736 535 1776 El.
572 1739 620 1776 59
650 1738 845 1788 excepto,
884 1737 1191 1776 coniunctivus
1231 1736 1300 1776 his
1337 1736 1448 1777 locis
1485 1736 1614 1776 facile

174 1804 347 1846 restitui
384 1805 538 1856 potest,
585 1805 628 1844 et
671 1803 800 1844 illum
844 1803 993 1844 locum
1032 1804 1233 1856 spurium
1271 1815 1366 1844 esse
1405 1803 1613 1844 conclusi.

174 1872 278 1913 Non
307 1872 460 1913 dubito
490 1872 598 1924 quin
625 1873 756 1924 poeta
776 1872 886 1911 coni.
908 1883 1081 1923 semper
1101 1870 1364 1912 adhibuerit.

217 2014 269 2054 B.
324 2013 397 2054 De
432 2012 724 2060 enuntiatis,
757 2022 886 2061 quae
920 2015 1038 2053 sunt
1071 2012 1214 2061 quasi
1247 2012 1573 2053 substantiva.

282 2109 530 2151 Consilium
578 2109 907 2160 tantummodo,
953 2122 1041 2150 non
1087 2110 1201 2151 actio
1248 2122 1337 2162 qua
1381 2108 1616 2150 consilium

174 2178 414 2232 perficitur,
444 2177 718 2229 exprimitur.
774 2177 1039 2227 Particulae,
1068 2190 1182 2229 quae
1210 2176 1489 2227 adhibentur,
1514 2178 1617 2217 sunt

177 2239 299 2291 ὅπως,
320 2238 434 2290 ὅπως
450 2240 518 2296 μή,
538 2237 602 2292 ὡς,
623 2237 676 2291 ὡς
693 2239 760 2297 μή.
800 2244 904 2284 Non
923 2244 1068 2285 solum
1088 2244 1396 2286 coniunctivus
1424 2246 1468 2285 et
1494 2246 1616 2297 opta-

176 2316 306 2363 tivuS,
335 2313 414 2353 sed
442 2314 577 2353 etiam
603 2313 804 2353 futurum
830 2312 913 2352 has
940 2313 1183 2365 particulas
1208 2313 1424 2365 sequitur3
1451 2315 1495 2353 et
1521 2312 1617 2364 qui-

178 2381 280 2422 dem
317 2380 517 2421 futurum
555 2382 655 2432 post
691 2373 804 2426 ὅπως
841 2380 1097 2433 saepissime
1135 2379 1375 2430 invenitur,
1425 2392 1527 2421 cum
1564 2371 1619 2424 ὦς
1699 2378 1702 2381 ’

179 2450 357 2489 omnino
384 2460 487 2489 raro
515 2448 585 2489 his
612 2449 658 2488 in
687 2448 924 2489 enuntiatis
952 2447 1228 2489 adhibeatur.
1276 2447 1618 2489 Coniunctivum

177 2517 373 2569 primum
401 2515 794 2556 considerabimus
