1815 3068
750 190 1008 229 „35-

352 302 398 353 d)
436 314 464 343 a
490 294 544 349 ὥς
568 297 638 355 μή.

353 368 398 419 α)
435 362 492 427 ὥς
516 365 572 420 μή
597 369 761 421 pendet
786 381 825 413 a,
840 370 1071 420 participio
1100 370 1267 410 aoristi:

437 434 535 478 Hel.
564 437 654 487 586,
680 435 760 477 ubi
785 445 843 475 m.
872 446 956 476 sec.
986 430 1103 483 λάβοι
1132 436 1316 488 scripsit.

355 504 399 553 β)
436 496 490 549 ὦς
515 499 571 555 μή
597 503 758 557 pendet
784 503 842 544 ab
869 502 1109 544 indicativo
1136 503 1394 555 imperfecti:

437 569 504 611 El.
533 572 621 621 268,
648 568 704 611 Η.
732 569 760 610 f.
794 571 904 610 1012.

360 637 399 688 γ’)
436 630 491 684 ὥς
515 633 572 690 μή
597 637 760 690 pendet
786 637 843 678 ab
870 637 960 678 ind.
989 638 1158 696 acristi:

435 705 534 745 Jon.
566 706 678 755 1300,
705 703 821 746 Med.
851 706 939 745 560
968 703 1040 745 Or.
1071 706 1157 744 577.

360 772 399 820 e)
438 784 466 811 a
490 771 710 824 particula
737 764 859 816 όπιυς.

356 838 399 887 α)
434 837 709 879 Indicativus
736 838 889 878 aoristi
914 837 962 878 in
988 849 1054 878 en.
1082 837 1222 879 libero
1250 840 1402 879 exstat.

266 905 320 945 In
347 904 420 945 Or.
450 907 527 945 654
554 899 765 956 ἀπολάβῃς
790 905 970 955 legitur,
1004 905 1124 956 quod
1151 904 1376 945 Porsonus
1403 909 1519 947 recte
1547 909 1591 947 in

165 964 393 1021 ἀπολάβοις
417 971 615 1012 mutavit.
627 971 660 1022 ¹)

356 1048 398 1098 β)
435 1048 532 1089 Ind.
560 1048 804 1100 imperfecti
831 1050 993 1089 exstat:

437 1114 478 1155 J.
506 1114 559 1155 A.
590 1117 652 1165 55,
679 1114 746 1155 Tr.
779 1117 891 1165 1008,
917 1114 1080 1155 Phoen.
1110 1116 1219 1155 1382.

365 1192 398 1241 f)
437 1204 465 1233 a
492 1185 602 1238 ὅπως
628 1187 694 1243 μή.

216 1258 392 1300 Heracl.
422 1261 499 1299 994
549 1257 620 1297 καὶ
646 1251 763 1297 πόλλ’
795 1258 948 1297 ἔτικτον
974 1257 1082 1296 νυκτὶ
1110 1259 1323 1296 συνθακὼ
1348 1251 1409 1297 dei

557 1319 670 1372 ὅπως
695 1321 848 1371 διιιῖσας
874 1323 945 1363 καὶ
970 1322 1232 1371 κατακτείνας
1258 1323 1377 1374 ἐμοιῖς

555 1389 722 1444 ἐχθροῖς
748 1392 794 1431 τὸ
822 1388 967 1431 λοιπὸν
992 1389 1047 1445 μὴ
1075 1389 1300 1445 συνοικοίην
1326 1389 1451 1445 φόβῳ.

355 1471 400 1522 g)
439 1483 467 1510 a
491 1466 547 1519 μή
574 1471 680 1511 solo.

356 1536 399 1586 α)
437 1536 577 1578 Indic.
605 1537 758 1578 aoristi
783 1532 839 1588 μή
861 1536 1096 1589 praecedit.

268 1615 322 1655 In
353 1613 503 1666 Suppl.
536 1616 609 1654 150
634 1614 919 1655 Hermannus
956 1616 1073 1654 recte
1113 1615 1357 1666 optativum
1395 1617 1592 1655 restituit.

166 1680 284 1722 Nam
310 1692 381 1722 res
407 1692 616 1734 praesens
644 1681 822 1722 omnino
849 1692 939 1721 non
966 1681 1208 1733 respicitur.

216 1759 314 1799 Hel.
333 1761 447 1799 -1670
500 1749 546 1796 οὗ
572 1753 612 1796 δ’
641 1751 784 1808 ὥρισέν
810 1771 855 1796 σε
881 1762 1021 1806 πρῶτα
1053 1755 1243 1803 Μαιάδος
1268 1755 1384 1804 τόκος

349 1827 448 1866 1672
501 1822 658 1875 κλέψας
683 1822 807 1874 δέμας
833 1819 913 1872 σόν,
940 1820 996 1875 μὴ
1024 1819 1158 1875 Πάρις
1184 1820 1321 1876 γήμειέ
1347 1838 1402 1863 σε.

268 1901 393 1942 Haec
411 1903 632 1941 structura
649 1901 847 1942 eiusdem
864 1902 1038 1953 generis
1057 1904 1123 1941 est
1141 1902 1261 1953 quod
1278 1902 1324 1942 in
1337 1902 1486 1954 Suppl.
1511 1907 1594 1943 150.

356 1979 399 2029 β)
435 1973 492 2031 μή
519 1978 683 2031 pendet
709 1991 737 2019 a
762 1979 993 2032 participio
1022 1979 1184 2019 aoristi.

219 2056 290 2097 Or.
321 2059 369 2096 56
866 2052 937 2107 τὴν
963 2053 1007 2093 δὲ
1033 2052 1082 2106 δὴ
1111 2052 1353 2094 πολύστονοι

411 2116 581 2176 Ἑλένην,
610 2118 793 2174 φυλάξας
819 2118 952 2171 νύκτα,
979 2118 1034 2176 μή
1061 2138 1122 2170 τις
1149 2119 1308 2163 εἰσιδών

414 2184 514 2240 μεθ’
542 2184 692 2242 ἡμέραν
717 2187 957 2239 στείχουσαν,
984 2181 1039 2228 ὧν
1065 2183 1133 2229 ὑπ’
1161 2184 1260 2241 Ἰλίῳ

414 2258 561 2306 παῖδες
585 2258 788 2307 τεθνᾶσιν,
816 2254 874 2305 εἰς
899 2255 1056 2309 πέτρων
1080 2254 1199 2297 ἔλθοι
1227 2254 1360 2308 βολάς,

415 2324 687 2377 προύπεμψεν
713 2323 771 2371 εἷς
797 2319 892 2374 δῶμ’
922 2319 1117 2376 ἡμέτερον.

272 2399 389 2442 ἔλθοι
415 2403 464 2445 in
490 2402 709 2446 Vaticano
738 2405 826 2454 909,
856 2402 958 2455 ἔλθῃ
976 2403 1024 2444 in
1042 2402 1196 2444 ceteris
1214 2402 1387 2455 legitur,
1406 2415 1596 2456 quarum

169 2471 488 2523 scripturarum
514 2467 632 2509 ἔλθοι
659 2471 852 2522 recipere
878 2482 968 2509 non
994 2469 1219 2509 haesitavi.
1280 2468 1453 2509 Helena
1478 2472 1592 2511 enim

276 2595 300 2634 ¹)
322 2593 427 2628 Ceteri
448 2593 509 2626 loci
529 2593 565 2637 hi
586 2596 678 2627 sunt:
699 2594 826 2626 Heracl.
850 2594 920 2630 657,
943 2593 984 2625 H.
1008 2593 1028 2625 f.
1053 2592 1142 2629 1273,
1165 2592 1283 2625 Phoen.
1306 2592 1377 2625 448.

1367 2644 1410 2677 3*

0 3040 127 3068 &nis-mx*
102 3046 219 3068 §eg->42:⁷1
272 3065 275 3067 ,
296 3065 303 3068 .
