1815 3068
802 198 1056 236 —45-

216 311 381 366 requiri
406 311 593 360 videtur,
620 310 750 351 facile
775 310 947 351 restitui
973 310 1146 362 potest),
1173 310 1212 349 J.
1242 308 1285 348 Τ.
1315 311 1404 358 844,
1437 307 1552 347 Med.
1584 310 1644 347 37.

217 384 304 431 282,
333 377 405 420 Or.
426 376 539 419 1520.

454 456 495 506 y)
521 451 576 506 μή
603 456 764 508 pendet
790 456 847 496 ab
875 455 1111 495 enuntiato.

266 522 430 564 Phoen.
461 525 536 564 383
590 516 703 569 ὅπως
730 515 769 560 δ’
800 519 963 573 ἔρωμαι,
990 516 1047 572 μή
1074 535 1113 558 τι
1143 521 1214 572 σὴν
1240 516 1351 558 δάκω
1379 517 1513 570 φρένα,

586 582 734 637 δέδοιχ’
765 582 794 627 ἃ
817 584 957 640 χρῄζω.

317 660 373 718 μή
399 667 560 719 pendet
587 679 614 707 a
641 667 788 707 verbis
816 659 962 713 δέδοιχ’
993 659 1106 711 ὅπως
1132 662 1282 715 ἔρωμαι
1312 657 1340 702 ἃ
1362 659 1501 715 χρῄζω.

399 744 448 795 b)
476 756 504 785 a
530 737 643 790 ὅπως
668 739 735 795 μή.

265 812 396 865 Hipp.
427 814 503 853 518
557 804 703 859 δέδοιχ’
734 804 845 856 ὅπως
872 824 942 860 μοι
969 807 1024 861 μὴ
1053 806 1145 849 λίαν
1171 809 1300 862 φανῇς
1327 806 1444 861 σοφή.

318 888 446 938 Quod
472 889 682 929 Monkius
711 889 937 941 proposuit
963 889 1092 939 φανεῖ,
1121 887 1409 928 reficiendum
1436 888 1511 927 est.

399 976 439 1024 C)
481 988 508 1016 a
534 970 645 1021 ὅπως
672 976 776 1016 8010.

316 1054 369 1094 In
395 1053 570 1094 Heracl.
599 1055 676 1093 249
702 1053 807 1094 libri
833 1053 1047 1093 aoristum
1072 1052 1285 1113 praebent

399 1133 474 1171 248
529 1124 635 1180 ὅμως
662 1128 706 1169 δὲ
731 1128 801 1168 καὶ
829 1135 895 1168 νῦν
919 1130 973 1181 μὴ
1000 1127 1140 1181 τρέσῃς
1167 1123 1279 1175 ὅπως
1306 1125 1352 1166 σέ
1378 1141 1440 1173 τις

530 1194 599 1236 σίν
625 1196 750 1236 παισὶ
776 1197 914 1246 βωμοῦ
939 1189 1048 1235 τοῦδ’
1079 1190 1309 1247 ἀποσπάσῃ
1338 1192 1422 1247 βίᾳ.

315 1285 446 1335 Quod
482 1281 537 1337 μή
570 1285 788 1338 particula
820 1282 959 1337 τρέσῃς
984 1285 1220 1338 praeeedit,
1258 1283 1497 1325 Elmsleius
1524 1284 1641 1323 recte

212 1347 447 1392 ἆποσπάσει
475 1354 674 1394 restituit.

315 1430 378 1471 Cf.
408 1430 540 1482 Soph.
568 1430 635 1470 El.
957 1478 960 1480 ‚
1017 1425 1073 1480 μὴ
1101 1426 1235 1480 δείσῃς
1261 1421 1369 1467 ποθ’
1400 1421 1454 1474 ὡς

399 1499 498 1539 1310
552 1494 693 1548 γέλωτι
719 1489 864 1547 τούμὸν
890 1492 1061 1549 φαιδρὸν
1087 1490 1235 1548 ’ὄψεται
1263 1491 1379 1547 κάρα.

313 1585 439 1627 Alter
464 1585 588 1626 locus
617 1587 682 1626 est
707 1585 747 1626 J.
775 1584 819 1625 T.
848 1587 935 1626 995.

828 1649 900 1704 τὴν
926 1649 1023 1691 θεὼ
1049 1645 1087 1691 δ’
1107 1645 1219 1698 ὅπως
1245 1648 1363 1690 λάθω

395 1718 557 1759 δέδοικα
584 1718 655 1757 καὶ
682 1714 879 1768 τύραννον.

312 1798 538 1841 Sententia
563 1797 820 1851 Iphigeniae
852 1797 962 1840 haec
993 1797 1092 1839 fuit:
1131 1797 1220 1844 πῶς
1251 1793 1371 1836 λάθω
1398 1793 1469 1848 τὴν
1494 1797 1539 1835 θ.
1569 1793 1637 1834 καὶ

207 1863 275 1905 τὸν
292 1880 348 1913 τ.,·
386 1866 507 1907 Coni.
536 1868 635 1918 post
666 1859 778 1911 ὅπως
815 1865 1039 1906 adhibitus
1067 1868 1133 1906 est
1158 1868 1406 1918 propterea,
1445 1864 1565 1918 quod
1590 1865 1638 1904 in

208 1947 269 1975 or.
297 1935 419 1974 recta
443 1932 516 1974 hic
544 1932 703 1973 modus
721 1933 970 1986 requiritur.
1011 1932 1315 1974 Weckleinius
1334 1935 1486 1973 notam
1502 1932 1636 1973 inter-

207 2001 447 2053 rogationis
468 2002 567 2053 post
593 1995 712 2038 λάθω
740 2001 896 2053 posuit,
924 2001 1197 2053 mutavitque
1224 1994 1262 2039 δ’
1277 1994 1390 2047 ὅπως
1407 2001 1455 2042 in
1473 1997 1517 2038 δὲ
1535 2000 1635 2045 πῶς.

208 2068 291 2110 Cui
317 2080 406 2108 non
433 2069 658 2109 assentior.

394 2156 438 2205 2)
475 2155 582 2196 Post
607 2158 807 2208 tempora
833 2156 1098 2196 secundaria
1123 2153 1178 2207 μή
1206 2156 1349 2196 solum
1375 2155 1607 2196 invenitur.

466 2233 513 2283 α)
539 2233 812 2275 Indioativus
839 2234 992 2275 aoristi
1016 2234 1249 2287 praecedit.

541 2305 573 2341 1.
614 2300 735 2342 Coni.
763 2302 1005 2354 praesentis
1030 2302 1201 2353 legitur.

309 2379 424 2420 And.
455 2381 530 2420 626
559 2372 683 2426 οὕτως
707 2375 864 2426 ἔδεισας
888 2376 944 2432 μὴ
972 2378 1016 2418 οὐ
1043 2376 1168 2432 κακὴν
1194 2373 1365 2431 δάμαρτ’
1387 2376 1486 2431 ἔχῃς.

309 2456 408 2497 Nisi
434 2456 576 2505 1a110r‚
605 2469 676 2497 res
693 2469 903 2509 praesens
929 2458 1162 2509 respicitur
1188 2460 1231 2497 et
1248 2457 1359 2498 coni.
1389 2458 1633 2498 secundum

204 2524 407 2578 reguiam
434 2523 611 2565 defendi
635 2527 788 2577 potest.
824 2524 1129 2587 Kirehhoffius
1156 2537 1259 2566 cum
1284 2525 1477 2578 primum
1504 2524 1633 2567 Euri-

204 2592 353 2646 pidem
372 2591 520 2633 ederet
537 2588 641 2639 ἐὸζοις
658 2604 761 2632 cum
779 2591 1017 2642 BrunckiO,
1045 2605 1147 2633 cum
1171 2593 1343 2643 iterum,
1370 2589 1458 2644 ἐᾶῃς
1475 2595 1631 2645 posuit.
